2286 2948
232 318 325 380 rit,
369 325 538 362 tamen
581 316 739 363 altera
784 328 846 360 ex
886 322 1033 377 parte
1077 313 1359 372 concedit,·
1372 311 1639 359 Platonem
1684 322 1787 355 non
1820 318 1992 356 totum
2023 323 2081 354 se

232 378 358 431 ideis
390 384 738 446 perscutandis
776 382 971 430 dedisse
1006 381 1096 428 sed
1133 383 1284 428 etiam
1320 381 1469 427 rebus
1502 379 1681 442 quales
1716 377 1790 422 in
1805 378 1904 422 vita
1941 392 2078 423 com-

232 453 376 500 muni
410 452 594 503 adsunt
622 450 992 515 intelligendis,
1040 448 1361 505 observandis
1399 459 1449 495 et
1483 445 1719 511 gerendis
1750 460 1953 506 operam
1989 445 2076 490 de-

233 521 388 581 disse,
422 536 466 566 v.
489 535 529 565 c.
542 514 547 519 ’
577 522 666 565 “es
698 521 768 566 ist
800 520 915 565 kem
962 517 1175 580 Zwezfel
1216 518 1395 578 ic‘brig,
1437 514 1559 579 dass
1599 516 1792 561 Platon
1826 512 1970 558 nicht
2003 514 2074 557 al-

229 590 332 634 lezn
381 590 452 634 im
515 588 707 633 Reiche
756 587 850 632 der
903 589 1097 644 Ideale‚
1149 589 1373 632 sondern
1428 584 1560 631 auch
1605 584 1676 627 im
1731 581 1941 625 Gebiete
1986 581 2079 622 der

239 653 591 702 ertlichkezt
638 653 969 701 ei'nheimzsch
1012 668 1142 713 war,
1188 657 1293 701 und
1327 655 1423 701 mzt
1457 653 1551 698 der
1585 650 1810 697 ΙιὸἹιενεη
1842 648 2073 707 Specula-

232 725 343 769 tz‘on
393 724 480 767 die
523 722 779 782 schiirfste
828 721 1189 781 Beobachtung
1238 724 1331 768 der
1382 718 1740 767 Μ”νΙεΖὶσὴΙεειῑ
1781 711 2061 770 verband5'

234 801 283 836 et
302 792 509 836 iterum:
550 791 676 836 “der
703 790 983 849 Philosoplz
1018 790 1069 849 (i.
1096 804 1136 833 e..
1157 791 1317 850 Plato)
1354 788 1577 834 bestrebt
1595 786 1726 844 sich,
1760 786 1900 829 seine
1926 785 2079 827 Ideen

233 874 304 905 zm
335 857 633 904 wirkl-z‘chen
672 856 839 902 Leben
868 872 982 902 zum
1012 858 1159 903 Heile
1187 858 1281 903 der
1314 855 1634 902 Menschheit
1661 869 1726 898 zu
1755 848 2057 898 reali-..suen'

232 942 279 986 p.
304 938 411 981 255
426 936 517 970 etc.
555 951 625 959 —
677 923 829 982 Vide,
871 939 1141 983 quemnam
1189 926 1277 969 ille
1322 925 1485 987 fingat
1528 922 1814 978 Platonem,
1850 945 1919 952 —
1956 918 2077 963 solis

232 991 360 1037 ideis
397 990 646 1049 deditum,
684 990 743 1036 ab
786 991 926 1036 omni
958 991 1183 1036 terrestri
1219 990 1548 1036 meditatione
1583 998 1837 1034 remotum
1872 994 1923 1031 et
1953 984 2073 1030 alie-

233 1073 386 1114 num,
433 1052 750 1115 eundemque
790 1070 868 1101 res
913 1065 1134 1101 terrenas
1181 1058 1554 1115 observantem,
1609 1054 1986 1119 intelligentem
2028 1060 2079 1097 et

236 1123 519 1187 gerentem!
593 1123 715 1186 Quis
750 1120 866 1169 inde
896 1134 1085 1169 certam
1116 1125 1211 1169 viri
1239 1126 1513 1187 imaginem
1544 1124 1649 1167 sibi
1669 1131 1941 1183 proponet,
1977 1121 2078 1163 nisi

234 1192 365 1237 torte
394 1191 533 1238 Iani
540 1189 797 1238 cuiusdam
831 1190 929 1237 alia
966 1190 1064 1237 alio
1101 1191 1263 1254 capite
1303 1189 1627 1238 meditantis?
1699 1192 1903 1245 Verum,
1941 1185 2075 1247 quod

236 1260 404 1304 Astius
454 1260 563 1321 ipse
617 1258 872 1316 concedit,
926 1273 1045 1303 cum
1096 1259 1322 1305 eiusdem
1376 1257 1674 1306 commentis
1718 1256 1803 1302 vix
1826 1260 2085 1318 υηςιιῑιιῑι4

237 1327 479 1391 coniungl
515 1336 565 1372 et
599 1326 1055 1392 compomaepoteflt.

370 1462 497 1507 Istas
540 1475 618 1506 res
663 1469 924 1522 praeterea
968 1470 1177 1524 tangere
1218 1462 1390 1522 potius
1437 1475 1589 1521 quam
1635 1458 1697 1505 ad
1731 1458 1906 1504 vivum
1940 1469 2075 1500 rese·

239 1541 351 1574 care
385 1543 535 1574 ausus
566 1543 694 1587 sum,
731 1543 761 1574 a
791 1527 1048 1589 proposito
1080 1528 1272 1575 scilicet
1301 1539 1358 1575 ut
1386 1529 1665 1607 plurimum
1699 1528 1904 1572 alienas.
1959 1524 2076 1568 Non

237 1596 445 1641 omnino
481 1605 655 1641 tamen
687 1594 984 1641 omittendas
1022 1610 1131 1640 esse
1162 1597 1350 1657 putavi,
1384 1596 1500 1657 quia
1534 1597 1591 1642 in
1625 1594 1707 1640 his
1743 1595 1866 1656 ipsis
1894 1593 2075 1638 incun-

237 1663 419 1708 nabula
479 1672 529 1709 et
574 1663 884 1709 incrementa
929 1664 1122 1710 critices
1163 1665 1449 1740 platonicae
1495 1664 1658 1725 qualis
1708 1663 1768 1708 ab
1810 1660 1951 1707 Astio
1986 1668 2075 1703 -est

236 1730 466 1806 inventa,
503 1730 748 1776 detexisse
782 1730 964 1776 videor.
1029 1730 1083 1776 Si
1115 1730 1257 1776 Plato
1292 1732 1404 1797 ipsa
1440 1742 1516 1777 est
1550 1729 1931 1792 philosophiae
1941 1724 2073 1782 idea,

239 1798 408 1841 omnia
448 1812 647 1857 quoque
690 1797 913 1842 eiusdem
956 1797 1143 1858 scripta
1190 1807 1241 1843 et
1283 1812 1433 1859 opera
1479 1799 1612 1844 hanc
1655 1796 1821 1841 ideam
1865 1793 2071 1849 referre,

238 1864 492 1922 evolvere,
526 1864 809 1925 explicare,
851 1865 1181 1913 commentari
1225 1879 1432 1910 necesse
1468 1876 1569 1923 est,
1611 1864 1742 1925 quod
1780 1863 1866 1908 ubi
1902 1860 2069 1905 minus

237 1931 425 1976 factum
463 1946 571 1976 esse
601 1931 855 1992 videmus,
896 1932 984 1979 ubi
1017 1946 1095 1978 res
1131 1942 1359 1979 terrenae
1396 1933 1732 1995 explicantur,
1777 1931 2072 1993 digeruntur

239 2007 289 2042 et
327 1998 634 2057 ordinantur,
679 1999 767 2043 ubi
801 2015 879 2046 res
914 2001 969 2045 in
1000 1999 1102 2045 vita
1136 2010 1306 2047 nostra
1341 2016 1518 2064 parum
1554 2000 1705 2046 ideali
1739 1999 1914 2042 obviae
1950 2009 2068 2040 con-

235 2065 530 2123 stituendae,
561 2066 808 2127 gerendae
841 2077 890 2112 et
912 2068 1199 2113 tractandae
1225 2069 1419 2124 adsunt,
1450 2069 1517 2113 ibi
1540 2060 1681 2112 Plato
1709 2066 1861 2127 longe
1891 2064 2070 2107 abesse

235 2130 454 2187 iubetur,
491 2145 554 2174 ne
573 2132 699 2175 haec
726 2128 1078 2194 philosophiae
1107 2134 1218 2179 idea
1246 2134 1514 2194 temporali
1540 2132 1867 2178 meditatione
1898 2137 2070 2175 eonta-

235 2196 453 2254 minata,
510 2210 604 2242 nec
647 2198 842 2258 impura
891 2209 941 2243 et
983 2214 1161 2260 spurca
1194 2199 1385 2245 evadat.
1463 2202 1538 2245 Ita
1580 2200 1745 2256 Plato,
1782 2196 2072 2243 omnifere

236 2273 411 2308 natura
455 2272 503 2308 et
549 2263 719 2308 indole
761 2264 983 2318 humana
1027 2267 1278 2325 privatus,
1331 2268 1441 2311 idea
1479 2268 1559 2324 fit,
1608 2268 1665 2311 ad
1709 2282 1784 2310 res
1821 2266 2071 2309 humanas

237 2328 497 2392 gerendas,
533 2330 591 2375 ad
619 2331 844 2380 civitates
875 2331 1263 2395 constituendas,
1292 2334 1350 2378 acl
1379 2335 1516 2395 leges
1544 2333 1791 2390 ferendas,
1829 2332 1887 2377 ad
1916 2345 2069 2392 quae-

237 2398 361 2441 libet
380 2398 440 2440 ab
460 2399 553 2441 ista
582 2398 690 2442 idea
712 2399 981 2444 remotiora
1007 2400 1264 2444 tractanda
1291 2400 1580 2460 neutiquam
1606 2410 1776 2460 aptus²
1801 2400 1911 2445 idea
1943 2411 2074 2460 quae

238 2462 488 2538 quomodo
502 2463 805 2524 Dionysiis,
844 2465 1000 2511 Dioni
1031 2465 1245 2528 aliisque
1277 2479 1445 2511 rerum
1471 2468 1807 2543 Mpoliticarum
1844 2468 2073 2514 modera-

234 2529 426 2575 toribus
456 2530 770 2578 innotescere
803 2541 852 2575 et
886 2531 1000 2575 usui
1039 2546 1172 2594 esse,
1208 2534 1313 2578 imo
1353 2534 1583 2585 maximis
1620 2535 1900 2581 honoribus
1941 2533 2072 2581 affici

235 2597 476 2660 potuerit,
520 2612 624 2642 non
654 2597 975 2661 intelligitur.
1048 2600 1124 2645 Ita
1159 2601 1324 2659 Plato,
1360 2602 1547 2662 ineptis
1584 2604 1984 2666 vituperatorum
2022 2613 2072 2647 et

237 2667 622 2712 detrectatorum
660 2665 1092 2714 criminationibus
1122 2662 1248 2715 olim
1283 2663 1529 2728 foedatuS,
1567 2685 1706 2717 nune
1743 2671 1971 2717 laudibus
1997 2681 2067 2715 te-

235 2747 375 2780 mere
415 2742 463 2777 et
508 2734 639 2778 ultra
681 2733 959 2782 humanam
998 2744 1230 2795 naturam
1267 2738 1568 2797 celebratus,
1613 2739 1723 2787 idea
1762 2740 1818 2784 fit
1856 2753 1882 2782 a
1919 2736 2066 2781 rebus

234 2804 293 2849 in
325 2800 424 2845 vita
461 2801 715 2847 communi
751 2802 1009 2874 gerendiS‚
1057 2819 1086 2850 a
1120 2806 1339 2870 negotiis
1376 2818 1480 2852 non
1520 2806 1764 2852 idealibus
1798 2801 2067 2849 tractandis

239 2871 390 2940 plane
427 2867 650 2933 alienuS,
693 2885 722 2918 a
756 2885 857 2934 quo
888 2871 1032 2919 nulla
1066 2888 1213 2920 verae
1247 2874 1380 2920 vitae
1414 2868 1657 2934 praesidia
1692 2881 1739 2915 et
1773 2880 2071 2917 ornamenta
