<?xml version="1.0" encoding="UTF-8"?>
<!DOCTYPE html PUBLIC "-//W3C//DTD XHTML 1.0 Transitional//EN"
    "http://www.w3.org/TR/xhtml1/DTD/xhtml1-transitional.dtd">
<html xmlns="http://www.w3.org/1999/xhtml" xml:lang="en" lang="en">
 <head>
  <title>
</title>
<meta http-equiv="Content-Type" content="text/html;charset=utf-8" />
  <meta name='ocr-system' content='tesseract 3.04.00' />
  <meta name='ocr-capabilities' content='ocr_page ocr_carea ocr_par ocr_line ocrx_word'/>
</head>
<body>
  <div class='ocr_page' id='page_1' title='image "./4630644_0053.png"; bbox 0 0 2286 2948; ppageno 0'>
   <div class='ocr_carea' id='block_1_1' title="bbox 945 8 1329 103">
    <p class='ocr_par' dir='ltr' id='par_1_1' title="bbox 945 8 1329 103">
     <span class='ocr_line' id='line_1_1' title="bbox 945 8 1329 103; baseline 0.005 -7"><span class='ocrx_word' id='word_1_1' title='bbox 945 8 1329 103; x_wconf 47' lang='lat'><strong>⁴.-:-2¹„,.2{--:·</strong></span> 
     </span>
    </p>
   </div>
   <div class='ocr_carea' id='block_1_2' title="bbox 200 163 2088 966">
    <p class='ocr_par' dir='ltr' id='par_1_2' title="bbox 223 163 2059 431">
     <span class='ocr_line' id='line_1_2' title="bbox 224 163 2054 241; baseline 0.005 -28"><span class='ocrx_word' id='word_1_2' title='bbox 224 163 506 221; x_wconf 77' lang='lat' dir='ltr'><strong>constantia</strong></span> <span class='ocrx_word' id='word_1_3' title='bbox 551 164 611 214; x_wconf 84' lang='lat' dir='ltr'><strong>in</strong></span> <span class='ocrx_word' id='word_1_4' title='bbox 653 165 750 215; x_wconf 77' lang='lat' dir='ltr'><strong>hac</strong></span> <span class='ocrx_word' id='word_1_5' title='bbox 790 181 846 213; x_wconf 77' lang='grc' dir='ltr'><strong>ιο</strong></span> <span class='ocrx_word' id='word_1_6' title='bbox 885 166 1064 229; x_wconf 80' lang='lat' dir='ltr'><strong>lateat,</strong></span> <span class='ocrx_word' id='word_1_7' title='bbox 1109 184 1207 233; x_wconf 71' lang='lat' dir='ltr'><strong>ego</strong></span> <span class='ocrx_word' id='word_1_8' title='bbox 1253 181 1388 217; x_wconf 82' lang='lat' dir='ltr'><strong>certe</strong></span> <span class='ocrx_word' id='word_1_9' title='bbox 1415 185 1534 217; x_wconf 88' lang='grc' dir='ltr'>-ιιοιι</span> <span class='ocrx_word' id='word_1_10' title='bbox 1576 183 1859 232; x_wconf 75' lang='lat' dir='ltr'><strong>assequor.</strong></span> <span class='ocrx_word' id='word_1_11' title='bbox 1904 170 2054 241; x_wconf 72' lang='lat' dir='ltr'><strong>Quod</strong></span> 
     </span>
     <span class='ocr_line' id='line_1_3' title="bbox 223 222 2056 296; baseline 0.004 -16"><span class='ocrx_word' id='word_1_12' title='bbox 223 234 401 289; x_wconf 85' lang='lat' dir='ltr'><strong>Cicero</strong></span> <span class='ocrx_word' id='word_1_13' title='bbox 436 222 620 281; x_wconf 84' lang='lat' dir='ltr'><strong>deinde</strong></span> <span class='ocrx_word' id='word_1_14' title='bbox 659 234 903 284; x_wconf 82' lang='lat' dir='ltr'><strong>adiunxit·</strong></span> <span class='ocrx_word' id='word_1_15' title='bbox 954 236 1125 283; x_wconf 87' lang='lat' dir='ltr'><strong>“idem</strong></span> <span class='ocrx_word' id='word_1_16' title='bbox 1157 246 1208 283; x_wconf 87' lang='lat' dir='ltr'><strong>et</strong></span> <span class='ocrx_word' id='word_1_17' title='bbox 1241 237 1297 283; x_wconf 88' lang='lat' dir='ltr'><strong>in</strong></span> <span class='ocrx_word' id='word_1_18' title='bbox 1329 235 1538 285; x_wconf 81' lang='lat' dir='ltr'><strong>Timaeo</strong></span> <span class='ocrx_word' id='word_1_19' title='bbox 1581 236 1731 296; x_wconf 86' lang='lat' dir='ltr'><strong>dicit,</strong></span> <span class='ocrx_word' id='word_1_20' title='bbox 1776 246 1828 283; x_wconf 90' lang='lat' dir='ltr'><strong>et</strong></span> <span class='ocrx_word' id='word_1_21' title='bbox 1868 239 1926 287; x_wconf 82' lang='lat' dir='ltr'><strong>in</strong></span> <span class='ocrx_word' id='word_1_22' title='bbox 1957 246 2056 295; x_wconf 64' lang='grc' dir='ltr'><strong>ιε..</strong></span> 
     </span>
     <span class='ocr_line' id='line_1_4' title="bbox 223 300 2059 381; baseline 0.006 -36"><span class='ocrx_word' id='word_1_23' title='bbox 223 300 401 365; x_wconf 84' lang='lat' dir='ltr'>gibus,</span> <span class='ocrx_word' id='word_1_24' title='bbox 447 312 499 349; x_wconf 86' lang='lat' dir='ltr'><strong>et</strong></span> <span class='ocrx_word' id='word_1_25' title='bbox 532 302 775 348; x_wconf 86' lang='lat' dir='ltr'><strong>mundum</strong></span> <span class='ocrx_word' id='word_1_26' title='bbox 816 303 983 356; x_wconf 81' lang='lat' dir='ltr'><strong>Deum</strong></span> <span class='ocrx_word' id='word_1_27' title='bbox 1022 317 1154 363; x_wconf 89' lang='lat' dir='ltr'><strong>esse,</strong></span> <span class='ocrx_word' id='word_1_28' title='bbox 1185 312 1251 363; x_wconf 26' lang='lat' dir='ltr'><strong>‚et</strong></span> <span class='ocrx_word' id='word_1_29' title='bbox 1297 306 1517 381; x_wconf 80' lang='lat' dir='ltr'><strong>coelum,</strong></span> <span class='ocrx_word' id='word_1_30' title='bbox 1561 313 1613 350; x_wconf 87' lang='lat' dir='ltr'><strong>et</strong></span> <span class='ocrx_word' id='word_1_31' title='bbox 1654 313 1813 369; x_wconf 77' lang='lat' dir='ltr'><strong>astra,</strong></span> <span class='ocrx_word' id='word_1_32' title='bbox 1859 313 1913 350; x_wconf 85' lang='lat' dir='ltr'><strong>et</strong></span> <span class='ocrx_word' id='word_1_33' title='bbox 1952 317 2059 361; x_wconf 58' lang='lat' dir='ltr'><strong>tex·-⁴</strong></span> 
     </span>
     <span class='ocr_line' id='line_1_5' title="bbox 224 368 2053 435; baseline 0.002 -22"><span class='ocrx_word' id='word_1_34' title='bbox 224 381 364 427; x_wconf 86' lang='lat' dir='ltr'><strong>ram,</strong></span> <span class='ocrx_word' id='word_1_35' title='bbox 385 368 463 415; x_wconf 82' lang='lat' dir='ltr'><strong>‘et</strong></span> <span class='ocrx_word' id='word_1_36' title='bbox 508 370 722 427; x_wconf 85' lang='lat' dir='ltr'><strong>animos,</strong></span> <span class='ocrx_word' id='word_1_37' title='bbox 769 377 821 416; x_wconf 67' lang='lat' dir='ltr'><strong>ex</strong></span> <span class='ocrx_word' id='word_1_38' title='bbox 863 383 947 414; x_wconf 85' lang='lat' dir='ltr'><strong>eos</strong></span> <span class='ocrx_word' id='word_1_39' title='bbox 989 383 1114 430; x_wconf 84' lang='lat' dir='ltr'><strong>quos</strong></span> <span class='ocrx_word' id='word_1_40' title='bbox 1160 370 1411 415; x_wconf 79' lang='lat' dir='ltr'><strong>maiorum</strong></span> <span class='ocrx_word' id='word_1_41' title='bbox 1454 370 1695 422; x_wconf 81' lang='lat' dir='ltr'><strong>institutis</strong></span> <span class='ocrx_word' id='word_1_42' title='bbox 1740 370 2053 435; x_wconf 74' lang='lat' dir='ltr'><strong>accepimns.</strong></span> 
     </span>
    </p>

    <p class='ocr_par' dir='ltr' id='par_1_3' title="bbox 200 432 2068 831">
     <span class='ocr_line' id='line_1_6' title="bbox 224 432 2057 517; baseline 0.002 -36"><span class='ocrx_word' id='word_1_43' title='bbox 224 449 358 502; x_wconf 66' lang='lat' dir='ltr'><strong>guae</strong></span> <span class='ocrx_word' id='word_1_44' title='bbox 392 446 444 482; x_wconf 86' lang='lat' dir='ltr'><strong>et</strong></span> <span class='ocrx_word' id='word_1_45' title='bbox 475 450 591 517; x_wconf 67' lang='lat' dir='ltr'><strong>per„</strong></span> <span class='ocrx_word' id='word_1_46' title='bbox 601 450 654 481; x_wconf 88' lang='lat' dir='ltr'><strong>se</strong></span> <span class='ocrx_word' id='word_1_47' title='bbox 688 443 805 481; x_wconf 86' lang='lat' dir='ltr'><strong>sunt</strong></span> <span class='ocrx_word' id='word_1_48' title='bbox 844 434 969 483; x_wconf 81' lang='lat' dir='ltr'><strong>falsa</strong></span> <span class='ocrx_word' id='word_1_49' title='bbox 1009 436 1275 498; x_wconf 85' lang='lat' dir='ltr'><strong>perspicue</strong></span> <span class='ocrx_word' id='word_1_50' title='bbox 1316 446 1368 483; x_wconf 88' lang='lat' dir='ltr'><strong>et</strong></span> <span class='ocrx_word' id='word_1_51' title='bbox 1408 438 1544 485; x_wconf 88' lang='lat' dir='ltr'><strong>inter</strong></span> <span class='ocrx_word' id='word_1_52' title='bbox 1583 452 1694 492; x_wconf 80' lang='lat' dir='ltr'><strong>sese</strong></span> <span class='ocrx_word' id='word_1_53' title='bbox 1728 432 2057 490; x_wconf 77' lang='lat' dir='ltr'><strong>vehementer</strong></span> 
     </span>
     <span class='ocr_line' id='line_1_7' title="bbox 228 499 2056 582; baseline 0.002 -36"><span class='ocrx_word' id='word_1_54' title='bbox 228 499 591 564; x_wconf 79' lang='lat' dir='ltr'><strong>repugnantia”</strong></span> <span class='ocrx_word' id='word_1_55' title='bbox 630 501 729 546; x_wconf 88' lang='lat' dir='ltr'><strong>hoc</strong></span> <span class='ocrx_word' id='word_1_56' title='bbox 772 500 1133 560; x_wconf 83' lang='lat' dir='ltr'><strong>quodammodo</strong></span> <span class='ocrx_word' id='word_1_57' title='bbox 1176 516 1352 560; x_wconf 70' lang='lat' dir='ltr'><strong>verum</strong></span> <span class='ocrx_word' id='word_1_58' title='bbox 1393 503 1598 564; x_wconf 82' lang='lat' dir='ltr'><strong>quidem</strong></span> <span class='ocrx_word' id='word_1_59' title='bbox 1642 512 1719 555; x_wconf 84' lang='lat' dir='ltr'><strong>est</strong></span> <span class='ocrx_word' id='word_1_60' title='bbox 1758 502 1870 554; x_wconf 77' lang='lat' dir='ltr'><strong>sed</strong></span> <span class='ocrx_word' id='word_1_61' title='bbox 1880 518 1909 548; x_wconf 85' lang='lat' dir='ltr'>a</span> <span class='ocrx_word' id='word_1_62' title='bbox 1941 503 2056 582; x_wconf 75' lang='lat' dir='ltr'><strong>Pla-</strong></span> 
     </span>
     <span class='ocr_line' id='line_1_8' title="bbox 227 557 2057 632; baseline 0.002 -18"><span class='ocrx_word' id='word_1_63' title='bbox 227 567 369 614; x_wconf 84' lang='lat' dir='ltr'><strong>tonis</strong></span> <span class='ocrx_word' id='word_1_64' title='bbox 409 566 619 614; x_wconf 89' lang='lat' dir='ltr'><strong>consilio</strong></span> <span class='ocrx_word' id='word_1_65' title='bbox 660 565 783 613; x_wconf 84' lang='lat' dir='ltr'><strong>mini</strong></span> <span class='ocrx_word' id='word_1_66' title='bbox 786 580 869 612; x_wconf 90' lang='lat' dir='ltr'><strong>me</strong></span> <span class='ocrx_word' id='word_1_67' title='bbox 911 566 1151 617; x_wconf 81' lang='lat' dir='ltr'><strong>alienum.</strong></span> <span class='ocrx_word' id='word_1_68' title='bbox 1237 557 1300 617; x_wconf 83' lang='lat' dir='ltr'><strong>In</strong></span> <span class='ocrx_word' id='word_1_69' title='bbox 1350 569 1571 632; x_wconf 78' lang='lat' dir='ltr'>Legibus</span> <span class='ocrx_word' id='word_1_70' title='bbox 1616 568 1754 627; x_wconf 82' lang='lat' dir='ltr'><strong>enim</strong></span> <span class='ocrx_word' id='word_1_71' title='bbox 1787 578 1942 621; x_wconf 78' lang='lat' dir='ltr'><strong>verae</strong></span> <span class='ocrx_word' id='word_1_72' title='bbox 1983 563 2057 622; x_wconf 72' lang='lat' dir='ltr'><strong>ci·-</strong></span> 
     </span>
     <span class='ocr_line' id='line_1_9' title="bbox 200 632 2068 701; baseline 0.003 -23"><span class='ocrx_word' id='word_1_73' title='bbox 200 634 376 697; x_wconf 10' lang='lat' dir='ltr'><strong>Vvitati</strong></span> <span class='ocrx_word' id='word_1_74' title='bbox 415 632 805 695; x_wconf 77' lang='lat' dir='ltr'>praescribendis</span> <span class='ocrx_word' id='word_1_75' title='bbox 842 634 1104 697; x_wconf 76' lang='lat' dir='ltr'><strong>vulgarem</strong></span> <span class='ocrx_word' id='word_1_76' title='bbox 1145 635 1371 683; x_wconf 86' lang='lat' dir='ltr'><strong>Deorum</strong></span> <span class='ocrx_word' id='word_1_77' title='bbox 1420 636 1612 681; x_wconf 88' lang='lat' dir='ltr'><strong>cultum</strong></span> <span class='ocrx_word' id='word_1_78' title='bbox 1656 646 1708 681; x_wconf 90' lang='lat' dir='ltr'><strong>et</strong></span> <span class='ocrx_word' id='word_1_79' title='bbox 1750 633 2068 701; x_wconf 64' lang='lat' dir='ltr'><strong>religionem,</strong></span> 
     </span>
     <span class='ocr_line' id='line_1_10' title="bbox 228 695 2055 782; baseline 0.002 -36"><span class='ocrx_word' id='word_1_80' title='bbox 228 695 489 766; x_wconf 78' lang='lat' dir='ltr'><strong>negligere</strong></span> <span class='ocrx_word' id='word_1_81' title='bbox 519 711 573 746; x_wconf 85' lang='lat' dir='ltr'><strong>et</strong></span> <span class='ocrx_word' id='word_1_82' title='bbox 601 699 881 762; x_wconf 84' lang='lat' dir='ltr'><strong>improbare</strong></span> <span class='ocrx_word' id='word_1_83' title='bbox 915 717 1020 748; x_wconf 87' lang='lat' dir='ltr'><strong>non</strong></span> <span class='ocrx_word' id='word_1_84' title='bbox 1054 703 1232 764; x_wconf 89' lang='lat' dir='ltr'><strong>potuit.</strong></span> <span class='ocrx_word' id='word_1_85' title='bbox 1302 707 1346 748; x_wconf 87' lang='lat' dir='ltr'>A</span> <span class='ocrx_word' id='word_1_86' title='bbox 1380 702 1640 782; x_wconf 77' lang='lat' dir='ltr'><strong>principiis</strong></span> <span class='ocrx_word' id='word_1_87' title='bbox 1675 702 2055 767; x_wconf 69' lang='lat' dir='ltr'><strong>philosophicis</strong></span> 
     </span>
     <span class='ocr_line' id='line_1_11' title="bbox 226 767 2049 831; baseline 0.002 -19"><span class='ocrx_word' id='word_1_88' title='bbox 226 768 385 831; x_wconf 84' lang='lat' dir='ltr'><strong>:igitur</strong></span> <span class='ocrx_word' id='word_1_89' title='bbox 428 767 551 813; x_wconf 83' lang='lat' dir='ltr'><strong>alibi</strong></span> <span class='ocrx_word' id='word_1_90' title='bbox 589 768 779 813; x_wconf 82' lang='lat' dir='ltr'><strong>traditis</strong></span> <span class='ocrx_word' id='word_1_91' title='bbox 822 768 1079 815; x_wconf 88' lang='lat' dir='ltr'><strong>interdum</strong></span> <span class='ocrx_word' id='word_1_92' title='bbox 1119 769 1350 815; x_wconf 85' lang='lat' dir='ltr'>recedere</span> <span class='ocrx_word' id='word_1_93' title='bbox 1383 771 1665 816; x_wconf 81' lang='lat' dir='ltr'><strong>necessario</strong></span> <span class='ocrx_word' id='word_1_94' title='bbox 1699 771 1802 819; x_wconf 79' lang='lat' dir='ltr'><strong>fuit,</strong></span> <span class='ocrx_word' id='word_1_95' title='bbox 1829 779 2049 831; x_wconf 81' lang='lat' dir='ltr'><strong>coactus.</strong></span> 
     </span>
    </p>

    <p class='ocr_par' dir='ltr' id='par_1_4' title="bbox 224 831 2088 966">
     <span class='ocr_line' id='line_1_12' title="bbox 224 831 2088 901; baseline 0.002 -21"><span class='ocrx_word' id='word_1_96' title='bbox 224 833 429 895; x_wconf 86' lang='lat' dir='ltr'><strong>Religio</strong></span> <span class='ocrx_word' id='word_1_97' title='bbox 470 833 607 880; x_wconf 88' lang='lat' dir='ltr'><strong>enim</strong></span> <span class='ocrx_word' id='word_1_98' title='bbox 642 834 897 881; x_wconf 84' lang='lat' dir='ltr'><strong>rationalis</strong></span> <span class='ocrx_word' id='word_1_99' title='bbox 942 850 1095 896; x_wconf 76' lang='lat' dir='ltr'><strong>quam</strong></span> <span class='ocrx_word' id='word_1_100' title='bbox 1136 836 1339 895; x_wconf 87' lang='lat' dir='ltr'><strong>dicunt,</strong></span> <span class='ocrx_word' id='word_1_101' title='bbox 1388 837 1531 883; x_wconf 89' lang='lat' dir='ltr'><strong>nullo</strong></span> <span class='ocrx_word' id='word_1_102' title='bbox 1565 851 1791 898; x_wconf 78' lang='lat' dir='ltr'><strong>unquam</strong></span> <span class='ocrx_word' id='word_1_103' title='bbox 1820 831 2052 901; x_wconf 75' lang='lat' dir='ltr'><strong>tempore</strong></span> <span class='ocrx_word' id='word_1_104' title='bbox 2084 872 2088 874; x_wconf 61' lang='lat'><strong><em>—</em></strong></span> 
     </span>
     <span class='ocr_line' id='line_1_13' title="bbox 227 899 1746 966; baseline 0.002 -20"><span class='ocrx_word' id='word_1_105' title='bbox 227 899 287 946; x_wconf 87' lang='lat' dir='ltr'><strong>in.</strong></span> <span class='ocrx_word' id='word_1_106' title='bbox 319 899 522 947; x_wconf 81' lang='lat' dir='ltr'><strong>civitate</strong></span> <span class='ocrx_word' id='word_1_107' title='bbox 556 899 766 965; x_wconf 72' lang='lat' dir='ltr'><strong>quadam</strong></span> <span class='ocrx_word' id='word_1_108' title='bbox 799 900 999 962; x_wconf 84' lang='lat' dir='ltr'><strong>publice</strong></span> <span class='ocrx_word' id='word_1_109' title='bbox 1031 902 1230 948; x_wconf 82' lang='lat' dir='ltr'><strong>institui</strong></span> <span class='ocrx_word' id='word_1_110' title='bbox 1264 911 1315 947; x_wconf 90' lang='lat' dir='ltr'><strong>et</strong></span> <span class='ocrx_word' id='word_1_111' title='bbox 1348 903 1531 951; x_wconf 74' lang='lat' dir='ltr'><strong>sanciti</strong></span> <span class='ocrx_word' id='word_1_112' title='bbox 1561 912 1746 966; x_wconf 83' lang='lat' dir='ltr'><strong>potest.</strong></span> 
     </span>
    </p>
   </div>
   <div class='ocr_carea' id='block_1_3' title="bbox 783 1172 1486 1333">
    <p class='ocr_par' dir='ltr' id='par_1_5' title="bbox 783 1172 1486 1333">
     <span class='ocr_line' id='line_1_14' title="bbox 1105 1172 1159 1219; baseline -0.019 0"><span class='ocrx_word' id='word_1_113' title='bbox 1105 1172 1159 1219; x_wconf 91' lang='lat' dir='ltr'><strong>C.</strong></span> 
     </span>
     <span class='ocr_line' id='line_1_15' title="bbox 783 1289 1486 1333; baseline -0.003 0"><span class='ocrx_word' id='word_1_114' title='bbox 783 1291 861 1333; x_wconf 73' lang='lat' dir='ltr'><strong>nr.</strong></span> <span class='ocrx_word' id='word_1_115' title='bbox 895 1289 1071 1331; x_wconf 72' lang='lat' dir='ltr'><strong>nnvs</strong></span> <span class='ocrx_word' id='word_1_116' title='bbox 1108 1291 1247 1333; x_wconf 62' lang='lat' dir='ltr'><strong>cAsv</strong></span> <span class='ocrx_word' id='word_1_117' title='bbox 1285 1292 1486 1331; x_wconf 74' lang='lat' dir='ltr'><strong>onvm.</strong></span> 
     </span>
    </p>
   </div>
   <div class='ocr_carea' id='block_1_4' title="bbox 1001 1460 1248 1495">
    <p class='ocr_par' dir='ltr' id='par_1_6' title="bbox 1001 1460 1248 1495">
     <span class='ocr_line' id='line_1_16' title="bbox 1001 1460 1248 1495; baseline -0.008 -9"><span class='ocrx_word' id='word_1_118' title='bbox 1001 1492 1003 1495; x_wconf 24' lang='lat' dir='ltr'>v</span> <span class='ocrx_word' id='word_1_119' title='bbox 1021 1460 1248 1488; x_wconf 56' lang='lat'><strong>*-</strong></span> 
     </span>
    </p>
   </div>
   <div class='ocr_carea' id='block_1_5' title="bbox 205 1617 2095 2219">
    <p class='ocr_par' dir='ltr' id='par_1_7' title="bbox 205 1617 2095 2219">
     <span class='ocr_line' id='line_1_17' title="bbox 349 1617 2045 1689; baseline -0.002 -18"><span class='ocrx_word' id='word_1_120' title='bbox 349 1617 652 1689; x_wconf 72' lang='lat' dir='ltr'><strong>Argn&#39;menti</strong></span> <span class='ocrx_word' id='word_1_121' title='bbox 685 1622 884 1686; x_wconf 81' lang='lat' dir='ltr'><strong>politici</strong></span> <span class='ocrx_word' id='word_1_122' title='bbox 915 1633 967 1670; x_wconf 84' lang='lat' dir='ltr'><strong>et</strong></span> <span class='ocrx_word' id='word_1_123' title='bbox 995 1622 1362 1686; x_wconf 79' lang='lat' dir='ltr'><strong>philosophici,</strong></span> <span class='ocrx_word' id='word_1_124' title='bbox 1398 1633 1643 1685; x_wconf 82' lang='lat' dir='ltr'><strong>quatenus</strong></span> <span class='ocrx_word' id='word_1_125' title='bbox 1678 1636 1804 1686; x_wconf 82' lang='lat' dir='ltr'><strong>opus</strong></span> <span class='ocrx_word' id='word_1_126' title='bbox 1832 1636 1943 1675; x_wconf 71' lang='lat' dir='ltr'><strong>esse</strong></span> <span class='ocrx_word' id='word_1_127' title='bbox 1967 1620 2045 1668; x_wconf 63' lang='lat' dir='ltr'><strong>&#39;vi-⁸</strong></span> 
     </span>
     <span class='ocr_line' id='line_1_18' title="bbox 214 1689 2044 1751; baseline -0.002 -13"><span class='ocrx_word' id='word_1_128' title='bbox 214 1689 439 1750; x_wconf 83' lang='lat' dir='ltr'>debatur,</span> <span class='ocrx_word' id='word_1_129' title='bbox 475 1691 705 1738; x_wconf 81' lang='lat' dir='ltr'><strong>examine</strong></span> <span class='ocrx_word' id='word_1_130' title='bbox 739 1689 988 1749; x_wconf 46' lang='lat' dir='ltr'><strong>institute»</strong></span> <span class='ocrx_word' id='word_1_131' title='bbox 1025 1699 1180 1735; x_wconf 77' lang='lat' dir='ltr'><strong>restat</strong></span> <span class='ocrx_word' id='word_1_132' title='bbox 1199 1699 1253 1734; x_wconf 89' lang='lat' dir='ltr'><strong>ut</strong></span> <span class='ocrx_word' id='word_1_133' title='bbox 1282 1690 1500 1751; x_wconf 81' lang='lat' dir='ltr'><strong>reliquas</strong></span> <span class='ocrx_word' id='word_1_134' title='bbox 1526 1690 1750 1737; x_wconf 80' lang='lat' dir='ltr'><strong>eiusdem</strong></span> <span class='ocrx_word' id='word_1_135' title='bbox 1769 1689 2044 1751; x_wconf 78' lang='lat' dir='ltr'><strong>particulas</strong></span> 
     </span>
     <span class='ocr_line' id='line_1_19' title="bbox 212 1755 2045 1820; baseline -0.002 -18"><span class='ocrx_word' id='word_1_136' title='bbox 212 1767 354 1803; x_wconf 83' lang='lat' dir='ltr'><strong>extra</strong></span> <span class='ocrx_word' id='word_1_137' title='bbox 378 1758 540 1820; x_wconf 85' lang='lat' dir='ltr'><strong>ipsam</strong></span> <span class='ocrx_word' id='word_1_138' title='bbox 561 1757 824 1803; x_wconf 84' lang='lat' dir='ltr'><strong>scientiam</strong></span> <span class='ocrx_word' id='word_1_139' title='bbox 850 1757 1057 1819; x_wconf 83' lang='lat' dir='ltr'><strong>quidem</strong></span> <span class='ocrx_word' id='word_1_140' title='bbox 1083 1756 1271 1816; x_wconf 82' lang='lat' dir='ltr'><strong>positas</strong></span> <span class='ocrx_word' id='word_1_141' title='bbox 1301 1755 1390 1801; x_wconf 78' lang='lat' dir='ltr'><strong>sed</strong></span> <span class='ocrx_word' id='word_1_142' title='bbox 1418 1770 1536 1803; x_wconf 78' lang='lat' dir='ltr'><strong>casu</strong></span> <span class='ocrx_word' id='word_1_143' title='bbox 1560 1756 1779 1817; x_wconf 78' lang='lat' dir='ltr'><strong>quodam</strong></span> <span class='ocrx_word' id='word_1_144' title='bbox 1796 1755 1970 1815; x_wconf 77' lang='lat' dir='ltr'><strong>obvias</strong></span> <span class='ocrx_word' id='word_1_145' title='bbox 1989 1761 2045 1799; x_wconf 81' lang='lat' dir='ltr'><strong>et</strong></span> 
     </span>
     <span class='ocr_line' id='line_1_20' title="bbox 210 1820 2044 1889; baseline -0.002 -19"><span class='ocrx_word' id='word_1_146' title='bbox 210 1823 280 1870; x_wconf 83' lang='lat' dir='ltr'><strong>ad·</strong></span> <span class='ocrx_word' id='word_1_147' title='bbox 311 1824 471 1870; x_wconf 76' lang='lat' dir='ltr'><strong>vitam</strong></span> <span class='ocrx_word' id='word_1_148' title='bbox 509 1824 733 1889; x_wconf 81' lang='lat' dir='ltr'><strong>Platonis</strong></span> <span class='ocrx_word' id='word_1_149' title='bbox 773 1824 1029 1870; x_wconf 87' lang='lat' dir='ltr'><strong>interdum</strong></span> <span class='ocrx_word' id='word_1_150' title='bbox 1082 1821 1393 1883; x_wconf 85' lang='lat' dir='ltr'><strong>pertinentes</strong></span> <span class='ocrx_word' id='word_1_151' title='bbox 1435 1823 1812 1883; x_wconf 85' lang='lat' dir='ltr'><strong>perlustremus.</strong></span> <span class='ocrx_word' id='word_1_152' title='bbox 1891 1820 2044 1867; x_wconf 68' lang='lat' dir='ltr'><strong>Tale!</strong></span> 
     </span>
     <span class='ocr_line' id='line_1_21' title="bbox 209 1884 2041 1951; baseline -0.002 -15"><span class='ocrx_word' id='word_1_153' title='bbox 209 1891 349 1936; x_wconf 83' lang='lat' dir='ltr'><strong>enim</strong></span> <span class='ocrx_word' id='word_1_154' title='bbox 384 1906 463 1936; x_wconf 88' lang='lat' dir='ltr'><strong>res</strong></span> <span class='ocrx_word' id='word_1_155' title='bbox 497 1904 590 1951; x_wconf 85' lang='lat' dir='ltr'><strong>per</strong></span> <span class='ocrx_word' id='word_1_156' title='bbox 623 1886 678 1935; x_wconf 84' lang='lat' dir='ltr'><strong>se</strong></span> <span class='ocrx_word' id='word_1_157' title='bbox 701 1884 898 1935; x_wconf 81' lang='lat' dir='ltr'><strong>nullius</strong></span> <span class='ocrx_word' id='word_1_158' title='bbox 931 1890 1037 1935; x_wconf 87' lang='lat' dir='ltr'><strong>fere</strong></span> <span class='ocrx_word' id='word_1_159' title='bbox 1063 1888 1228 1951; x_wconf 85' lang='lat' dir='ltr'><strong>pretii,</strong></span> <span class='ocrx_word' id='word_1_160' title='bbox 1262 1897 1452 1934; x_wconf 78' lang='lat' dir='ltr'><strong>tamen</strong></span> <span class='ocrx_word' id='word_1_161' title='bbox 1469 1888 1534 1935; x_wconf 78' lang='lat' dir='ltr'><strong>ad</strong></span> <span class='ocrx_word' id='word_1_162' title='bbox 1557 1898 1815 1936; x_wconf 80' lang='lat' dir='ltr'><strong>auctorem</strong></span> <span class='ocrx_word' id='word_1_163' title='bbox 1845 1896 1897 1933; x_wconf 86' lang='lat' dir='ltr'><strong>et</strong></span> <span class='ocrx_word' id='word_1_164' title='bbox 1912 1897 2041 1939; x_wconf 86' lang='lat' dir='ltr'><strong>tem-</strong></span> 
     </span>
     <span class='ocr_line' id='line_1_22' title="bbox 205 1954 2055 2033; baseline -0.004 -31"><span class='ocrx_word' id='word_1_165' title='bbox 205 1971 301 2022; x_wconf 84' lang='lat' dir='ltr'><strong>pus</strong></span> <span class='ocrx_word' id='word_1_166' title='bbox 336 1956 452 2002; x_wconf 75' lang='lat' dir='ltr'><strong>libri</strong></span> <span class='ocrx_word' id='word_1_167' title='bbox 485 1956 758 2033; x_wconf 84' lang='lat' dir='ltr'><strong>conscripti</strong></span> <span class='ocrx_word' id='word_1_168' title='bbox 790 1956 1151 2001; x_wconf 81' lang='lat' dir='ltr'><strong>inveniendum</strong></span> <span class='ocrx_word' id='word_1_169' title='bbox 1186 1955 1462 2016; x_wconf 85' lang='lat' dir='ltr'><strong>plurimum</strong></span> <span class='ocrx_word' id='word_1_170' title='bbox 1493 1955 1746 2001; x_wconf 85' lang='lat' dir='ltr'><strong>interdum</strong></span> <span class='ocrx_word' id='word_1_171' title='bbox 1780 1954 1964 2011; x_wconf 78' lang='lat' dir='ltr'><strong>valent,</strong></span> <span class='ocrx_word' id='word_1_172' title='bbox 1983 1959 2055 1998; x_wconf 84' lang='lat' dir='ltr'><strong>ut.</strong></span> 
     </span>
     <span class='ocr_line' id='line_1_23' title="bbox 206 2017 2095 2086; baseline -0.002 -17"><span class='ocrx_word' id='word_1_173' title='bbox 206 2017 503 2070; x_wconf 73' lang='lat' dir='ltr'><strong>huiusmodi</strong></span> <span class='ocrx_word' id='word_1_174' title='bbox 531 2022 738 2086; x_wconf 81' lang='lat' dir='ltr'><strong>vestigia</strong></span> <span class='ocrx_word' id='word_1_175' title='bbox 775 2039 927 2084; x_wconf 83' lang='lat' dir='ltr'><strong>quam</strong></span> <span class='ocrx_word' id='word_1_176' title='bbox 964 2022 1183 2069; x_wconf 80' lang='lat' dir='ltr'><strong>maxime</strong></span> <span class='ocrx_word' id='word_1_177' title='bbox 1218 2022 1321 2069; x_wconf 85' lang='lat' dir='ltr'><strong>sint</strong></span> <span class='ocrx_word' id='word_1_178' title='bbox 1354 2021 1576 2086; x_wconf 78' lang='lat' dir='ltr'><strong>urgenda</strong></span> <span class='ocrx_word' id='word_1_179' title='bbox 1612 2032 1664 2068; x_wconf 89' lang='lat' dir='ltr'><strong>et</strong></span> <span class='ocrx_word' id='word_1_180' title='bbox 1699 2022 1747 2072; x_wconf 82' lang='lat' dir='ltr'><strong>si</strong></span> <span class='ocrx_word' id='word_1_181' title='bbox 1778 2021 1889 2067; x_wconf 85' lang='lat' dir='ltr'><strong>fieri</strong></span> <span class='ocrx_word' id='word_1_182' title='bbox 1922 2034 2040 2082; x_wconf 82' lang='lat' dir='ltr'><strong>pos-</strong></span> <span class='ocrx_word' id='word_1_183' title='bbox 2085 2056 2095 2066; x_wconf 73' lang='grc'>,</span> 
     </span>
     <span class='ocr_line' id='line_1_24' title="bbox 206 2089 2042 2188; baseline -0.001 -53"><span class='ocrx_word' id='word_1_184' title='bbox 206 2090 298 2148; x_wconf 84' lang='lat' dir='ltr'><strong>sit,</strong></span> <span class='ocrx_word' id='word_1_185' title='bbox 343 2089 404 2136; x_wconf 83' lang='lat' dir='ltr'><strong>ad</strong></span> <span class='ocrx_word' id='word_1_186' title='bbox 448 2089 702 2150; x_wconf 86' lang='lat' dir='ltr'><strong>originem</strong></span> <span class='ocrx_word' id='word_1_187' title='bbox 731 2105 892 2148; x_wconf 87' lang='lat' dir='ltr'><strong>usque</strong></span> <span class='ocrx_word' id='word_1_188' title='bbox 928 2089 1285 2150; x_wconf 86' lang='lat' dir='ltr'><strong>persequenda.</strong></span> <span class='ocrx_word' id='word_1_189' title='bbox 1367 2089 1478 2136; x_wconf 88' lang='lat' dir='ltr'><strong>Nisi</strong></span> <span class='ocrx_word' id='word_1_190' title='bbox 1515 2098 1794 2149; x_wconf 81' lang='lat' dir='ltr'><strong>auctorem,</strong></span> <span class='ocrx_word' id='word_1_191' title='bbox 1839 2096 2042 2188; x_wconf 68' lang='lat' dir='ltr'><strong>tempus</strong></span> 
     </span>
     <span class='ocr_line' id='line_1_25' title="bbox 208 2153 1403 2219; baseline -0.001 -16"><span class='ocrx_word' id='word_1_192' title='bbox 208 2166 341 2203; x_wconf 81' lang='lat' dir='ltr'><strong>certe</strong></span> <span class='ocrx_word' id='word_1_193' title='bbox 376 2154 749 2219; x_wconf 80' lang='lat' dir='ltr'><strong>quodammodo</strong></span> <span class='ocrx_word' id='word_1_194' title='bbox 778 2153 900 2198; x_wconf 86' lang='lat' dir='ltr'><strong>inde</strong></span> <span class='ocrx_word' id='word_1_195' title='bbox 934 2157 1236 2199; x_wconf 85' lang='lat' dir='ltr'><strong>constituere</strong></span> <span class='ocrx_word' id='word_1_196' title='bbox 1268 2156 1403 2202; x_wconf 86' lang='lat' dir='ltr'><strong>licet.</strong></span> 
     </span>
    </p>
   </div>
   <div class='ocr_carea' id='block_1_6' title="bbox 200 2280 2099 2687">
    <p class='ocr_par' dir='ltr' id='par_1_8' title="bbox 206 2280 2040 2485">
     <span class='ocr_line' id='line_1_26' title="bbox 341 2280 2038 2344; baseline -0.001 -9"><span class='ocrx_word' id='word_1_197' title='bbox 341 2289 454 2335; x_wconf 89' lang='lat' dir='ltr'><strong>Hoc</strong></span> <span class='ocrx_word' id='word_1_198' title='bbox 485 2288 601 2335; x_wconf 88' lang='lat' dir='ltr'><strong>loco</strong></span> <span class='ocrx_word' id='word_1_199' title='bbox 633 2287 848 2333; x_wconf 82' lang='lat' dir='ltr'><strong>fortasse</strong></span> <span class='ocrx_word' id='word_1_200' title='bbox 890 2284 1154 2332; x_wconf 84' lang='lat' dir='ltr'><strong>observare</strong></span> <span class='ocrx_word' id='word_1_201' title='bbox 1183 2282 1329 2344; x_wconf 86' lang='lat' dir='ltr'><strong>licet,</strong></span> <span class='ocrx_word' id='word_1_202' title='bbox 1361 2280 1640 2331; x_wconf 82' lang='lat' dir='ltr'><strong>ionismum</strong></span> <span class='ocrx_word' id='word_1_203' title='bbox 1674 2291 1726 2329; x_wconf 85' lang='lat' dir='ltr'><strong>et</strong></span> <span class='ocrx_word' id='word_1_204' title='bbox 1760 2282 2038 2333; x_wconf 82' lang='lat' dir='ltr'><strong>dorismum</strong></span> 
     </span>
     <span class='ocr_line' id='line_1_27' title="bbox 207 2351 2040 2417; baseline -0.002 -17"><span class='ocrx_word' id='word_1_205' title='bbox 207 2367 301 2417; x_wconf 83' lang='lat' dir='ltr'><strong>per</strong></span> <span class='ocrx_word' id='word_1_206' title='bbox 328 2362 491 2402; x_wconf 86' lang='lat' dir='ltr'><strong>totum</strong></span> <span class='ocrx_word' id='word_1_207' title='bbox 526 2362 652 2416; x_wconf 75' lang='lat' dir='ltr'><strong>opus</strong></span> <span class='ocrx_word' id='word_1_208' title='bbox 695 2354 792 2401; x_wconf 87' lang='lat' dir='ltr'><strong>sibi</strong></span> <span class='ocrx_word' id='word_1_209' title='bbox 826 2353 1040 2416; x_wconf 87' lang='lat' dir='ltr'><strong>opponi,</strong></span> <span class='ocrx_word' id='word_1_210' title='bbox 1085 2351 1218 2415; x_wconf 81' lang='lat' dir='ltr'><strong>quod</strong></span> <span class='ocrx_word' id='word_1_211' title='bbox 1249 2367 1368 2399; x_wconf 80' lang='lat' dir='ltr'><strong>vere</strong></span> <span class='ocrx_word' id='word_1_212' title='bbox 1400 2351 1710 2413; x_wconf 80' lang='lat' dir='ltr'><strong>platonicum</strong></span> <span class='ocrx_word' id='word_1_213' title='bbox 1737 2366 1877 2411; x_wconf 85' lang='lat' dir='ltr'><strong>esse,</strong></span> <span class='ocrx_word' id='word_1_214' title='bbox 1925 2352 2040 2413; x_wconf 72' lang='lat' dir='ltr'><strong>ipse</strong></span> 
     </span>
     <span class='ocr_line' id='line_1_28' title="bbox 206 2418 2037 2490; baseline -0.002 -21"><span class='ocrx_word' id='word_1_215' title='bbox 206 2420 378 2469; x_wconf 80' lang='lat' dir='ltr'><strong>Astius</strong></span> <span class='ocrx_word' id='word_1_216' title='bbox 407 2422 605 2469; x_wconf 85' lang='lat' dir='ltr'><strong>monui-t</strong></span> <span class='ocrx_word' id='word_1_217' title='bbox 636 2422 691 2468; x_wconf 89' lang='lat' dir='ltr'><strong>in</strong></span> <span class='ocrx_word' id='word_1_218' title='bbox 726 2431 1050 2469; x_wconf 82' lang='lat' dir='ltr'><strong>commentar.</strong></span> <span class='ocrx_word' id='word_1_219' title='bbox 1093 2420 1155 2468; x_wconf 82' lang='lat' dir='ltr'><strong>ad</strong></span> <span class='ocrx_word' id='word_1_220' title='bbox 1185 2421 1310 2485; x_wconf 86' lang='lat' dir='ltr'><strong>Leg.</strong></span> <span class='ocrx_word' id='word_1_221' title='bbox 1346 2434 1459 2484; x_wconf 84' lang='lat' dir='ltr'><strong>pag.</strong></span> <span class='ocrx_word' id='word_1_222' title='bbox 1481 2426 1590 2478; x_wconf 85' lang='lat'>148.</span> <span class='ocrx_word' id='word_1_223' title='bbox 1679 2418 1828 2490; x_wconf 79' lang='lat' dir='ltr'><strong>Quod</strong></span> <span class='ocrx_word' id='word_1_224' title='bbox 1862 2428 2037 2466; x_wconf 80' lang='lat' dir='ltr'><strong>tamen</strong></span> 
     </span>
    </p>

    <p class='ocr_par' dir='ltr' id='par_1_9' title="bbox 200 2476 2099 2687">
     <span class='ocr_line' id='line_1_29' title="bbox 205 2476 2099 2559; baseline -0.002 -24.934"><span class='ocrx_word' id='word_1_225' title='bbox 205 2503 315 2535; x_wconf 85' lang='lat' dir='ltr'><strong>non</strong></span> <span class='ocrx_word' id='word_1_226' title='bbox 343 2496 541 2533; x_wconf 81' lang='lat' dir='ltr'><strong>tantum</strong></span> <span class='ocrx_word' id='word_1_227' title='bbox 575 2488 631 2532; x_wconf 90' lang='lat' dir='ltr'><strong>in</strong></span> <span class='ocrx_word' id='word_1_228' title='bbox 669 2489 880 2552; x_wconf 85' lang='lat' dir='ltr'><strong>singulis</strong></span> <span class='ocrx_word' id='word_1_229' title='bbox 915 2489 1213 2555; x_wconf 81' lang='lat' dir='ltr'><strong>quibusdam</strong></span> <span class='ocrx_word' id='word_1_230' title='bbox 1249 2500 1369 2535; x_wconf 85' lang='lat' dir='ltr'><strong>casu</strong></span> <span class='ocrx_word' id='word_1_231' title='bbox 1403 2487 1581 2533; x_wconf 79' lang='lat' dir='ltr'><strong>&#39;oblatis</strong></span> <span class='ocrx_word' id='word_1_232' title='bbox 1618 2488 1641 2547; x_wconf 85' lang='lat'>(</span> <span class='ocrx_word' id='word_1_233' title='bbox 1649 2502 1692 2535; x_wconf 83' lang='lat' dir='ltr'><strong>v</strong></span> <span class='ocrx_word' id='word_1_234' title='bbox 1718 2502 1761 2532; x_wconf 85' lang='lat' dir='ltr'><strong>c.</strong></span> <span class='ocrx_word' id='word_1_235' title='bbox 1798 2476 2033 2559; x_wconf 84' lang='lat' dir='ltr'><strong>Leg.111,</strong></span> <span class='ocrx_word' id='word_1_236' title='bbox 2095 2495 2099 2498; x_wconf 79' lang='grc'><strong>’</strong></span> 
     </span>
     <span class='ocr_line' id='line_1_30' title="bbox 203 2550 2034 2631; baseline -0.003 -30"><span class='ocrx_word' id='word_1_237' title='bbox 203 2564 253 2615; x_wconf 94' lang='grc'><strong>5.</strong></span> <span class='ocrx_word' id='word_1_238' title='bbox 285 2569 340 2616; x_wconf 85' lang='lat' dir='ltr'><strong>p.</strong></span> <span class='ocrx_word' id='word_1_239' title='bbox 359 2555 505 2631; x_wconf 61' lang='grc'><strong>689.)</strong></span> <span class='ocrx_word' id='word_1_240' title='bbox 549 2554 716 2599; x_wconf 88' lang='lat' dir='ltr'><strong>inesse</strong></span> <span class='ocrx_word' id='word_1_241' title='bbox 758 2567 961 2615; x_wconf 82' lang='lat' dir='ltr'><strong>apparet</strong></span> <span class='ocrx_word' id='word_1_242' title='bbox 1003 2556 1091 2601; x_wconf 86' lang='lat' dir='ltr'><strong>sed</strong></span> <span class='ocrx_word' id='word_1_243' title='bbox 1132 2556 1229 2601; x_wconf 89' lang='lat' dir='ltr'><strong>toti</strong></span> <span class='ocrx_word' id='word_1_244' title='bbox 1267 2569 1465 2616; x_wconf 86' lang='lat' dir='ltr'><strong>quoque</strong></span> <span class='ocrx_word' id='word_1_245' title='bbox 1509 2554 1710 2615; x_wconf 85' lang='lat' dir='ltr'><strong>operis</strong></span> <span class='ocrx_word' id='word_1_246' title='bbox 1723 2563 1776 2604; x_wconf 69' lang='lat' dir='ltr'><strong>et</strong></span> <span class='ocrx_word' id='word_1_247' title='bbox 1816 2550 2034 2606; x_wconf 76' lang='lat' dir='ltr'><strong>civitatis</strong></span> 
     </span>
     <span class='ocr_line' id='line_1_31' title="bbox 200 2618 2033 2687; baseline -0.001 -18"><span class='ocrx_word' id='word_1_248' title='bbox 200 2619 389 2669; x_wconf 75' lang='lat' dir='ltr'><strong>rationi</strong></span> <span class='ocrx_word' id='word_1_249' title='bbox 419 2621 726 2682; x_wconf 85' lang='lat' dir='ltr'><strong>impressum</strong></span> <span class='ocrx_word' id='word_1_250' title='bbox 760 2620 1040 2682; x_wconf 82' lang='lat' dir='ltr'><strong>invenitur,</strong></span> <span class='ocrx_word' id='word_1_251' title='bbox 1080 2630 1138 2667; x_wconf 86' lang='lat' dir='ltr'><strong>ut</strong></span> <span class='ocrx_word' id='word_1_252' title='bbox 1164 2621 1353 2687; x_wconf 70' lang='lat' dir='ltr'><strong>passim</strong></span> <span class='ocrx_word' id='word_1_253' title='bbox 1387 2618 1745 2675; x_wconf 74' lang='lat' dir='ltr'><strong>demonstravit</strong></span> <span class='ocrx_word' id='word_1_254' title='bbox 1775 2619 2033 2673; x_wconf 64' lang='lat' dir='ltr'><strong>Menout-</strong></span> 
     </span>
    </p>
   </div>
   <div class='ocr_carea' id='block_1_7' title="bbox 201 2697 753 2757">
    <p class='ocr_par' dir='ltr' id='par_1_10' title="bbox 201 2697 753 2757">
     <span class='ocr_line' id='line_1_32' title="bbox 201 2697 753 2757; baseline -0.002 -22"><span class='ocrx_word' id='word_1_255' title='bbox 201 2704 368 2738; x_wconf 72' lang='lat' dir='ltr'><strong>snnm</strong></span> <span class='ocrx_word' id='word_1_256' title='bbox 399 2701 515 2755; x_wconf 82' lang='lat' dir='ltr'><strong>pag.</strong></span> <span class='ocrx_word' id='word_1_257' title='bbox 532 2697 628 2749; x_wconf 77' lang='lat'><strong>505</strong></span> <span class='ocrx_word' id='word_1_258' title='bbox 646 2700 753 2757; x_wconf 70' lang='lat' dir='ltr'><strong>sqq.</strong></span> 
     </span>
    </p>
   </div>
   <div class='ocr_carea' id='block_1_8' title="bbox 0 2886 366 2948">
    <p class='ocr_par' dir='ltr' id='par_1_11' title="bbox 0 2886 366 2948">
     <span class='ocr_line' id='line_1_33' title="bbox 0 2886 366 2948; baseline 0 0"><span class='ocrx_word' id='word_1_259' title='bbox 0 2886 366 2948; x_wconf 95' lang='lat' dir='ltr'><strong> </strong></span> 
     </span>
    </p>
   </div>
  </div>
 </body>
</html>
