2286 2948
931 130 1285 187 ...4-

201 264 342 325 jeder
395 265 441 309 T
434 254 703 325 ci‘uschung
741 263 902 309 durch
937 246 1023 308 di'e
1060 258 1328 323 Reflexion
1363 256 1450 318 (?)
1488 255 1610 300 ode-r
1646 254 1756 298 eine
1788 258 2029 308 zeitliche

201 333 421 376 Ansiclzt
467 335 560 377 cler
603 335 797 390 Dinge,
843 332 921 376 als
964 331 1020 375 in
1062 331 1159 374 den
1203 327 1461 386 Schriften
1496 324 1585 368 des
1617 318 1847 374 Platon.”
1896 358 1899 361 .
1931 326 2035 371 sed

202 398 481 445 discrimen
523 402 656 450 inter
697 398 857 460 ipsam
903 396 1065 443 ideam
1102 405 1153 441 et
1184 393 1306 440 illud
1345 390 1474 454 quod
1509 389 1570 436 ad
1603 388 1779 447 ideam-
1802 390 2031 449 proxime

202 465 444 511 accedere
477 476 706 527 putatur,
741 466 1045 510 immensum
1068 465 1189 508 ‘esse
1223 474 1368 523 posse
1404 458 1515 519 quis
1551 470 1656 502 non
1689 453 1863 505 videt?

342 577 455 623 Hoc
512 586 702 622 certum
753 586 853 634 est,
903 576 1159 622 Platonem
1212 571 1555 633 antiquiorum
1609 564 2031 628 philosophorum

204 645 469 690 sententiis
501 654 551 688 et
586 643 783 704 placitis
813 642 1175 704 philosophicis
1211 643 1422 685 maxima
1461 653 1520 680 ex
1548 645 1689 697 parte
1721 633 1948 680 refutatis
1981 642 2034 678 et

207 711 440 770 abiectis,
487 726 606 755 suae
653 710 808 771 ipsius
855 708 1207 770 philosophiae
1248 721 1373 751 nova
1410 703 1659 765 principia
1695 711 1745 749 et
1780 701 2033 748 elementa

205 778 452 841 posuisse,
488 793 636 839 supra
672 777 951 837 antiquiora
988 778 1139 837 longe
1165 776 1289 818 elata
1316 773 1480 832 iisque
1514 772 1676 816 multo
1713 770 2026 832 perfectiora.

208 846 307 891 Sed
351 860 474 889 num
509 844 623 888 ideo
660 845 819 905 ipsam
853 842 1199 903 philosophiae
1243 839 1434 898 ideam,
1480 839 1681 885 unicam
1715 838 1871 902 igitur
1901 836 2031 883 veri-

203 921 359 956 tatem
398 911 721 954 immutatam
759 918 808 954 et
836 908 1200 953 immutabilem
1227 905 1479 952 invenisse¹
1507 905 1741 950 dicendus
1773 903 1874 950 sit?
1921 903 2031 950 Etsi

207 980 418 1022 divinus
460 978 601 1020 Plato
644 978 779 1031 solus
820 986 953 1019 recte
998 975 1213 1029 dicatur,
1258 984 1432 1017 tamen
1477 989 1580 1017 non
1623 984 1860 1032 tanquam
1880 973 2030 1017 Deus

206 1043 431 1089 veritatis
468 1052 666 1088 aeterna
704 1042 930 1103 exempla
965 1040 1127 1087 omnis
1162 1040 1399 1102 temporis
1431 1039 1720 1086 hominibus
1749 1050 2031 1101 proponere

209 1120 258 1154 et
298 1111 511 1170 probare
554 1110 732 1170 potuit.
813 1110 990 1153 Nonne
1037 1108 1210 1151 eodem
1254 1108 1363 1150 iure
1402 1109 1565 1151 nostri
1592 1107 1829 1167 temporis
1866 1106 2032 1165 philo-

206 1178 357 1235 sophi
397 1177 598 1220 unicam
641 1174 990 1236 philosophiae
1028 1175 1191 1219 ideam
1228 1175 1545 1219 constituisse
1580 1190 1633 1219 se
1670 1185 1718 1219 et
1754 1173 2034 1235 diculgasse

209 1242 417 1307 gloriari
460 1242 700 1303 possent?

346 1355 452 1399 Iam
501 1351 670 1396 videre
716 1352 833 1398 licet
876 1361 1114 1413 quatenus
1160 1367 1334 1397 verum
1375 1352 1441 1397 sit
1487 1351 1617 1414 quod
1661 1352 1827 1398 Astius
1863 1343 1976 1414 pag.
2002 1357 2032 1402 8

210 1421 381 1478 docet,
434 1419 658 1463 Platonis
711 1419 984 1463 doctrinam
1033 1433 1136 1463 non
1191 1434 1301 1464 esse
1344 1429 1560 1479 systema
1605 1420 2031 1480 philosophicum,

208 1486 342 1547 quod
379 1486 595 1535 aliorum
630 1485 1045 1546 philosophorum
1081 1486 1433 1545 systematibus
1471 1486 1659 1546 opponi
1698 1486 1869 1545 possit.
1941 1487 2032 1546 Sy·

208 1564 370 1600 stema
416 1552 611 1597 scilicet
656 1551 766 1596 dico
810 1552 1093 1612 aequalium
1136 1553 1498 1597 sententiarum
1548 1562 1596 1599 et
1646 1552 1911 1597 notionum
1951 1566 2034 1597 co-

204 1622 371 1682 piam,
428 1621 484 1663 in
528 1619 754 1664 ordinem
796 1620 1016 1681 logicum
1068 1619 1337 1681 digestam,
1392 1631 1447 1665 ut
1492 1621 1722 1682 singulae
1768 1621 2033 1665 notionum

207 1698 260 1733 et
302 1686 599 1731 notitiarum
645 1695 808 1745 partes
852 1685 1124 1731 secundum
1171 1686 1437 1732 divisiones
1483 1697 1531 1731 et
1567 1687 1916 1732 distinctiones
1953 1686 2031 1730 in-

204 1755 405 1800 stitutas
450 1766 504 1797 se
550 1754 881 1812 excipientes,
925 1753 984 1796 ad
1032 1762 1163 1799 certa
1206 1768 1373 1799 rerum
1417 1755 1662 1814 principia
1698 1763 1747 1798 et
1783 1754 2033 1799 elementa

205 1822 396 1866 relatae
429 1828 594 1862 totum
642 1818 898 1879 quoddam
942 1819 1183 1865 scientiae
1227 1830 1374 1881 caput
1414 1821 1643 1866 efficiant.
1715 1821 1828 1866 Tali
1875 1829 2034 1880 syste-

203 1897 345 1935 mate
372 1885 593 1932 Platonis
628 1885 905 1931 doctrinam
931 1900 1033 1931 non
1067 1887 1297 1933 traditam
1334 1903 1457 1946 esse,
1493 1903 1642 1934 nemo
1669 1888 1885 1945 dubitat3
1923 1886 2038 1933 fieri

204 1966 381 2001 tamen
427 1966 576 2012 posse
618 1962 676 1997 ut
719 1953 898 2013 aliquis
947 1954 1166 2000 collectis
1203 1955 1894 2018 diversarum'philosophiae
1930 1954 2037 2015 pla-

205 2022 409 2068 tonicae
437 2019 655 2077 partium
687 2020 923 2065 doctrinis
957 2030 1006 2065 et
1033 2023 1293 2067 sententiis
1329 2038 1486 2067 unum
1518 2033 1729 2082 systema
1764 2023 1881 2067 inde
1918 2037 2035 2067 con-

140 2111 150 2122 =
209 2088 366 2144 ficiat,
404 2099 498 2146 per
524 2099 577 2128 se
611 2095 803 2131 certum
835 2087 988 2146 foret,
1027 2089 1223 2134 etiamsi
1262 2090 1651 2135 Tennemannus
1684 2088 2036 2151 philosophiae

209 2152 495 2217 platonicae
538 2158 758 2210 systema
802 2168 1056 2213 nunquam
1094 2156 1485 2216 conscripsisset.
1555 2157 1773 2202 Platonis
1820 2156 2036 2215 denique

212 2219 490 2278 sententias
542 2218 758 2262 aliorum
795 2218 1211 2276 philosophorum
1245 2224 1441 2277 placitis
1479 2224 1684 2268 diversis
1719 2224 1911 2268 diversa
1946 2238 2036 2282 op-

209 2287 333 2349 poni
365 2299 466 2330 non
503 2298 670 2343 posse,
705 2308 774 2316 -——
807 2284 924 2341 quid
960 2282 1057 2326 hoc
1088 2284 1184 2328 sibi
1217 2286 1333 2329 velit
1366 2301 1447 2329 me
1482 2302 1584 2331 non
1613 2288 1897 2349 intelligere
1923 2302 2040 2348 pro-

210 2356 384 2409 fiteor,
435 2366 550 2395 cum
587 2349 749 2394 omnis
790 2349 1139 2409 philosophiae
1175 2351 1383 2396 historia
1432 2368 1702 2415 omnesque
1736 2369 1895 2415 paene
1931 2369 2037 2399 om·

208 2421 355 2467 nium
407 2429 697 2479 temporum
735 2415 853 2462 libri
894 2417 1234 2480 philosophici
1275 2421 1582 2467 contrarium
1615 2437 1787 2485 reapse
1823 2422 2038 2486 probare

207 2489 420 2535 soleant.
1034 2488 1040 2492 ’

343 2595 519 2640 Unum
564 2600 821 2654 praeterea
861 2593 1187 2653 premendum
1229 2609 1336 2640 esse
1382 2595 1601 2654 videtur,
1644 2598 1699 2642 in
1742 2611 1868 2657 quo,
1915 2607 2038 2658 quo-

146 2660 149 2664 *
203 2660 358 2710 modo
390 2660 562 2708 Astius
595 2659 693 2704 sibi
723 2669 935 2719 constet,
970 2662 1080 2722 ipse
1117 2661 1294 2707 videat.
1357 2664 1467 2708 Etsi
1502 2665 1636 2708 enim
1673 2664 1929 2709 Platonem
1961 2665 2038 2726 ip-

201 2746 312 2776 sam
346 2724 706 2791 philosophiae
741 2727 907 2773 ideam
943 2728 1191 2789 posuerit,
1232 2743 1535 2790 omnemque
1571 2745 1661 2791 pro
1698 2739 1925 2791 tempore
1961 2747 2038 2776 re-

202 2809 317 2842 rum
342 2796 653 2857 positionem
688 2804 740 2841 et
773 2791 1165 2845 declarationem
1195 2797 1347 2861 longe
1377 2813 1406 2844 a
1441 2798 1647 2845 Platone
1683 2796 1852 2847 abesse
1880 2800 2038 2845 iusse-
