2286 2948
954 72 1024 86 ...-
1099 41 1177 112 '40
1253 73 1322 84 .-

231 184 453 246 a'bruptis
507 193 559 231 'et
611 184 794 231 evulsis
848 182 1082 244 componi
1147 196 1304 241 posse
1351 190 1600 242 putarent.
1715 184 1866 244 >Quae
1926 187 2052 235 ratio

230 248 347 298 cum
392 253 446 297 in
492 252 726 299 omnibus
770 249 952 309 ubique
996 248 1343 308 scriptoribus·
1371 248 1561 293 cautius
1600 246 1679 292 sit.
1729 249 2055 312 admittenda,

229 322 284 363 in
326 319 539 364 Platone
583 319 785 364 omnino
830 315 949 359 ferri
995 315 1182 373 nequit.
1253 313 1580 377 Dialogorum
1626 315 1759 359 enim
1802 316 1963 362 forma
2007 329 2058 365 et

235 386 536 447 compositio
572 385 728 430 varias
765 382 1013 426 variorum
1057 381 1329 424 sententias
1366 378 1680 440 explicandas
1715 380 1957 440 admittit,
1996 399 2057 428 ex

231 453 413 515 quibus
447 467 622 497 verum
654 448 869 497 Platonis
909 447 1148 509 iudicium
1183 446 1409 491 invenire
1443 447 1632 492 altioris
1675 446 1930 493 interdum
1980 459 2059 493 est

230 518 518 582 indaginis;
586 532 663 563 res
723 513 1024 561 certissimae
1075 511 1255 557 deinde
1311 513 1586 575 secundum
1646 515 1845 559 atticam
1899 516 2057 576 quan-

234 588 349 631 dam
392 584 726 629 urbanitatem
776 580 1058 626 dubitanter
1112 579 1437 625 enuntiantur
1487 589 1571 625 aut
1616 581 1707 624 sub
1756 580 1917 626 ironia
1968 583 2056 627 ob·

234 652 429 698 scurius
482 651 662 707 latent,
719 657 772 692 ut
824 646 991 691 nullus
1046 645 1197 707 plane
1250 645 1596 706 disputationis
1649 646 1763 691 finis
1822 648 1912 692 rite
1959 651 2053 693 im-

233 719 428 779 positus
470 716 639 761 adesse
675 714 912 759 videatur.
997 712 1097 774 Qui
1134 713 1177 759 si
1216 711 1378 769 adest,
1425 721 1595 757 tamen
1638 713 1855 774 maxime
1900 716 2055 775 respi-

236 784 469 829 ciendum
513 791 586 825 est
617 781 863 825 diversum
897 779 1136 824 orationis
1173 792 1347 840 genus,
1385 778 1514 838 quod
1549 788 1697 838 prout
1734 789 1809 824 est
1833 781 1913 826 vel
1951 781 2055 826 dia-

236 851 472 893 lecticum
511 849 589 891 vel
626 843 904 904 mythicum
937 845 1013 888 vel
1041 845 1280 904 populare
1317 843 1559 888 diversam
1595 846 1741 904 plane
1777 861 1940 891 rerum
1979 863 2055 892 ra-

232 916 424 959 tionem
473 912 637 958 efficit.
709 912 783 957 Ex
826 911 929 955 sola
970 910 1105 955 enim
1141 909 1396 955 dialectica
1432 910 1648 955 dictione
1684 926 1849 956 rerum
1889 914 2054 973 philo-

234 980 555 1039 sophicarum
591 985 884 1039 argumenta
918 985 1036 1026 sunt
1078 976 1369 1037 repetenda3
1415 972 1637 1037 mythice
1682 978 1854 1025 oratio*
1883 990 1957 1042 est
1992 980 2055 1026 de

232 1047 397 1102 rebus,
429 1060 556 1104 quaa
576 1043 834 1088 dialectice
853 1041 1075 1086 nondum
1095 1041 1293 1087 fuerant
1314 1044 1567 1103 expositae
1587 1043 1662 1086 vel
1684 1045 1863 1102 exponi
1894 1048 2055 1092 omni-

232 1128 299 1158 no
335 1127 436 1156 non
487 1117 713 1170 possunt.
791 1108 1051 1168 Popularis
1096 1106 1310 1168 denique
1347 1124 1493 1169 quem
1540 1122 1712 1153 omnes
1749 1109 2055 1175 intelligant,

233 1177 430 1223 dicendi
465 1190 584 1220 usus
621 1176 673 1218 in
711 1175 929 1235 Legibus
968 1173 1172 1218 obtinet.
1246 1174 1435 1235 Quibus
1472 1175 1713 1236 neglectis
1749 1185 1886 1235 tanta
1923 1188 2062 1231 certe,

228 1247 285 1291 in
313 1244 521 1290 Platon‘e
565 1255 732 1285 rerum
778 1239 873 1283 sibi
911 1239 1304 1301 >repugnantium
1343 1240 1482 1300 copia
1518 1236 1795 1299 invenitur,
1833 1252 1889 1286 ut
1924 1244 2056 1291 nihil

231 1310 354 1357 certi
403 1321 623 1368 unquam
665 1305 783 1349 inde
828 1306 990 1348 evolvi
1041 1319 1187 1365 posse
1242 1306 1488 1362 videatur-3
1546 1320 1643 1365 quo
1696 1307 1815 1352 vitio
1856 1300 2054 1355 Tenne-

230 1365 405 1425 manni
439 1384 638 1434 quoque
671 1371 1380 1434 libri-magnoperelaborare
1407 1371 1652 1417 videntur.
1711 1373 2054 1423 Nostrorcerte

228 1446 341 1487 loco
384 1441 636 1501 Plessing,
689 1437 987 1494 Cudvvorth‚
1043 1438 1262 1481 Brucker
1311 1434 1741 1495 hariolati'sunt,
1800 1453 1893 1485 nec
1944 1442 2054 1504 ipse

226 1512 643 1562 Tennemannus‚
708 1503 792 1563 qui
845 1504 1030 1549 malam
1079 1504 1255 1549 mundi
1298 1505 1516 1550 animam
1566 1505 1760 1551 Platoni
1799 1507 2054 1567 intrudere

230 1583 462 1634 conatur,
505 1580 700 1618 rectum
735 1569 872 1617 vidit.
1951 1594 1954 1598 .

358 1705 631 1754 Enimvero
667 1706 799 1751 mala
840 1705 1008 1751 anima
1042 1705 1173 1750 nihil
1209 1705 1424 1768 amplius
1466 1715 1543 1751 est
1586 1707 1685 1753 nisi
1718 1708 1937 1771 vulgaris
1976 1712 2051 1758 lo-

223 1775 409 1840 quendi
451 1772 631 1817 modus
679 1772 740 1817 ad
783 1771 1143 1834 designandam
1180 1787 1289 1817 eam
1327 1770 1523 1818 animae
1559 1775 1736 1820 unicae
1772 1784 1963 1835 partem
2003 1787 2054 1823 et

223 1843 466 1899 indolem,
502 1853 631 1899 quae
669 1853 890 1883 summas
926 1838 1047 1883 boni
1083 1847 1132 1881 et
1166 1839 1364 1899 pulchri
1401 1838 1537 1885 ideas
1573 1855 1597 1884 a
1635 1842 1745 1886 Deo
1778 1844 2052 1905 praescrip-

221 1922 299 1957 tas
333 1905 587 1965 interdum
630 1904 889 1967 negligere
927 1904 1089 1964 iisque
1129 1905 1382 1968 contraria*
1413 1906 1606 1951 efficere
1636 1908 1784 1952 solet.
1854 1908 2053 1968 Malum

225 1977 360 2023 enim
398 1988 424 2019 a
459 1973 570 2019 Deo
607 1970 814 2031 eiusque
848 1969 976 2016 ideis
1013 1970 1193 2017 divinis
1227 1973 1377 2032 plane
1414 1972 1633 2018 alienum
1663 1973 1716 2018 in
1744 1972 1853 2034 ipsa
1883 1975 2052 2023 anima

223 2047 368 2091 inest.
450 2040 590 2101 Quae
631 2037 751 2083 licet
787 2052 877 2099 per
920 2051 974 2082 se
1017 2037 1083 2083 sit
1130 2038 1280 2084 etiam
1326 2038 1482 2097 bona,
1525 2046 1696 2085 tamen
1741 2054 1859 2086 suae
1893 2041 2058 2103 ipsius,

227 2106 495 2156 voluntatis
527 2104 745 2148 libertati
779 2105 1044 2167 mdulgens
1079 2102 1432 2168 (αὐτοκράτωρ)
1462 2105 1522 2151 ad
1558 2107 1746 2152 malum
1782 2117 1950 2169 potest
1976 2111 2055 2155 in-

227 2173 424 2223 terdum
472 2169 677 2225 adduci,
733 2178 785 2211 et
824 2171 956 2212 mala
993 2186 1087 2225 pro
1133 2180 1351 2227 tempore
1393 2172 1517 2217 fieri.
1597 2174 1792 2219 Malum
1836 2189 1953 2220 vero
1997 2177 2055 2223 in

228 2245 341 2304 ipsa
366 2240 530 2285 anim-a
568 2237 736 2281 inesse
774 2248 875 2278 non
914 2241 989 2277 est
1023 2232 1155 2294 qnod
1192 2246 1251 2291 ep(
1285 2236 1463 2281 Politia
1493 2238 1658 2281 denuo
1689 2232 2052 2299 demonstrem}

232 2308 393 2355 omnis
430 2305 564 2350 enim
601 2302 809 2348 Politiae
845 2300 1018 2346 civitas
1048 2298 1324 2345 secundum
1351 2299 1482 2346 hanc
1511 2302 1754 2347 diversam
1788 2306 1946 2352 animi
1967 2310 2056 2353 in-

234 2375 401 2421 dolem
435 2380 508 2415 est
541 2378 851 2425 constructa3
891 2376 941 2412 et
977 2366 1074 2411 hoc
1108 2365 1366 2426 placitum,
1407 2367 1451 2412 si
1486 2367 1603 2429 quid
1640 2367 1793 2430 aliud,
1831 2381 1905 2419 est
1932 2371 2087 2421 sane*
2141 2373 2143 2375 ’

232 2437 559 2497 Platonicum.
638 2437 816 2495 Error-e
862 2435 1018 2498 igitur
1062 2433 1390 2489 circumventi
1424 2445 1564 2493 sunt,
1613 2437 1700 2497 qui
1733 2437 2054 2492 huicbmalae

231 2506 431 2554 animae
451 2499 761 2562 *singularem
791 2501 1037 2562 quandam
1065 2500 1394 2547 substantiam
1424 2511 1475 2547 et
1503 2496 1773 2566 essentiam
1800 2499 2054 2569 tribuunt3

230 2585 398 2634 neque
433 2566 706 2612 dualismus
741 2567 802 2611 ad
836 2566 1110 2613 Zoroastris
1146 2566 1356 2613 modurn
1391 2569 1563 2626 fictus,
1610 2567 1811 2633 qualem
1844 2573 2056 2621 seriores

227 2633 478 2688 Platonici
521 2630 727 2693 quidem
771 2631 1079 2689 habuerunt,
1133 2633 1187 2676 in
1231 2632 1353 2692 ipsis
1395 2634 1555 2679 verbis
1609 2635 1770 2694 inest3
1824 2632 2058 2691 'sedaeunag

229 2706 508 2775 eademque
536 2697 714 2768 anima
745 2690 934 2759 duplici
964 2696 1016 2761 vi
1051 2705 1103 2741 et
1137 2698 1354 2745 efficacia
1387 2700 1621 2770 insignis,
1651 2694 1783 2747 unde
1816 2703 1947 2752 mala
1977 2704 2056 2754 inss
