2286 2948
332 272 582 336 Megillus
613 269 835 334 ‘denique
870 270 1131 333 omnibus,
1175 289 1302 335 quae
1338 275 1583 336 Spartano
1618 271 1772 319 tribui
1808 261 2051 334 possunt,‘

197 347 273 383 est
309 349 529 387 notatus.
603 342 741 389 Nihil
776 340 882 384 fere
914 335 1139 401 loquitur
1172 342 1268 386 nisi
1305 341 1358 386 in
1393 342 1540 387 rebus
1571 340 1629 386 ad
1661 342 1889 401 Spartam
1926 352 2035 399 per-

197 406 510 472 tinentibus,‚'
556 410 704 455 dictio
751 407 859 452 eius
896 420 971 452 est
1002 409 1227 466 concisa,
1275 409 1508 469 abrupta,
1549 423 1719 469 aspera
1746 415 1809 451 *ut
1840 408 2036 467 Sparta·

196 487 324 520 num
370 476 526 521 decet.
612 475 753 537 Quod
798 475 994 520 dicendi
1041 491 1201 537 genus
1246 476 1439 521 ironice
1482 492 1509 521 a
1554 478 1761 522 Platone
1810 483 2033 518 notatur:

201 547 285 602 τὴν
317 549 450 591 πόλιν
473 547 669 589 ἅπαντες
691 546 819 600 ἡμῶν
841 544 1054 600 Ἕλληνες
1076 545 1486 600 ὑπολαμβάνουσιν
1512 546 1576 589 ὡς
1602 548 1848 602 φιλολόγος
1874 546 1921 589 τέ
1948 544 2038 588 ἐστι

200 623 281 666 καὶ
310 622 586 677 πολυλόγος,
620 622 944 673 Λακεδαίμονα
972 620 1022 663 δὲ
1050 621 1131 663 καὶ
1162 622 1349 677 Κρήτην
1381 622 1463 674 τὴν
1489 621 1572 672 μὲν
1596 621 1920 676 βριτχυλόγσν,
1960 620 2041 673 τὴν

197 697 248 739 δὲ
277 696 522 739 πολύνοιαν
547 698 724 750 μᾶλλον
750 695 780 748 ἦ
813 694 1107 750 πολυλογίαν
1136 686 1378 739 ἀσκοῦσαι).
1409 698 1585 759 Lng,
1614 712 1629 742 1
1648 711 1685 743 1,
1713 698 1916 760 p,641,·'
1940 701 2037 744 Re-

200 768 340 827 liqna
382 765 551 810 omnia
597 764 828 825 Spartani
864 762 990 808 civis,
1030 764 1249 809 indolem
1288 764 1489 826 egregie
1524 765 1760 810 referunt.
1833 766 1914 812 Sic
1949 766 2038 810 ille
2095 774 2110 785 χ

201 837 562 896 Spartanorum
598 832 734 893 leges
772 828 833 874 de
869 830 1123 891 voluptate
1151 830 1377 876 defendit
1411 833 1530 895 Leg.
1555 833 1593 890 Ι,
1624 847 1668 891 9.
1701 849 1747 894 p.
1771 833 1869 890 656
1889 847 2034 890 ——75

203 912 252 947 et
289 900 546 962 virginum
592 896 1099 965 Lacedaemoniorum
1137 899 1284 942 ἄνεσις
1320 899 1366 943 ei
1407 898 1653 944 obiicitur.
1725 901 1882 946 Suum
1921 902 2047 963 eivgav

200 967 537 1015 Athenienses
575 964 796 1010 amorem
839 964 1055 1024 explicat
1097 966 1221 1028 Leg.
1245 967 1280 1010 I.
1323 980 1395 1011 ιι.
1431 982 1478 1027 Ρ.
1504 967 1626 1026 642,
1674 982 1772 1027 quo
1818 968 1929 1013 loco
1965 970 2035 1013 la-

202 1036 488 1083 conismum
535 1047 639 1077 non
684 1031 1049 1087 desideramus3
1097 1032 1191 1077 vid.
1243 1034 1446 1078 Bosscxn
1496 1030 1542 1094 ΡΖ
1567 1048 1644 1090 70.
1727 1037 1786 1080 In
1830 1035 2037 1080 historia

200 1100 720 1153 Lacedaemoniorum
768 1097 1072 1145 recensenda
1116 1100 1360 1162 Megillus
1417 1114 1522 1145 non
1576 1101 2038 1162 Clinias-loquitur

199 1170 513 1232 Leg.111‚75.
548 1181 594 1226 p.
618 1167 869 1223 685—7.
892 1180 940 1226 p.
966 1167 1091 1227 6873
1142 1167 1201 1210 cf.
1242 1167 1407 1227 ipsum
1455 1167 1651 1213 Astium
1691 1167 1746 1211 in
1782 1181 2038 1213 commen-

198 1249 289 1283 tar.
329 1251 377 1295 p.
409 1241 503 1289 158
533 1242 636 1276 not.
658 1246 704 1288 5.
778 1233 993 1294 Megillo
1031 1235 1323 1292 praesertim
1356 1233 1486 1277 bella
1519 1234 1710 1292 persica
1744 1234 2039 1279 enarrantur

195 1305 288 1362 111,
326 1314 400 1359 15.
440 1315 488 1360 p.
513 1298 699 1357 696-
722 1306 797 1359 15.
826 1313 873 1359 p.
899 1311 1013 1355 70¹·
1068 1301 1182 1358 πρὸς
1224 1303 1321 1361 γὰρ
1362 1304 1410 1348 σὲ
1452 1303 1513 1348 τὰ
1557 1305 1605 1350 ἐν
1641 1307 1708 1365 τῷ
1744 1306 1844 1351 τότε
1879 1304 2038 1365 χρόνῳ

197 1376 423 1433 γενόμενα
461 1371 676 1414 κοινωνὸν
711 1370 769 1424 δὴ
808 1372 902 1411 τῶν
942 1373 1151 1424 πατρίων
1189 1372 1413 1428 γεγονότα
1448 1373 1607 1432 φύσει,
1658 1376 1837 1418 δίκαιον
1876 1376 2035 1432 λέγειν.

202 1454 326 1513 Leg.
347 1447 437 1503 ΙΙΙ,
473 1455 547 1501 15.
577 1459 626 1505 p.
647 1443 762 1503 699.
798 1452 892 1489 etc.
933 1452 1024 1490 etc.
1995 1446 1999 1449 ’

347 1602 607 1662 Quatenus
645 1595 803 1660 igitur
844 1610 1176 1657 personarum
1210 1594 1336 1642 ratio
1368 1596 1641 1656 permittit,
1678 1607 1835 1643 artem
1872 1600 2038 1647 mimi-

199 1684 311 1719 cam
349 1665 630 1713 adhibitam
664 1677 773 1709 esse
799 1664 1045 1723 videmus,
1084 1663 1363 1709 accuratior
1394 1665 1610 1719 ἠθοποιΐα
1642 1674 1848 1727 propter
1874 1666 1927 1714 id
1961 1668 2040 1731 ip-

197 1753 312 1785 sum
348 1733 482 1795 quod
517 1733 664 1777 fictae
702 1741 843 1775 erant
876 1746 1119 1792 personae
1150 1731 1384 1776 accedere
1416 1745 1522 1774 non
1551 1733 1731 1791 potuit.
1790 1733 1918 1779 Cum
1955 1732 2042 1782 au-

199 1814 305 1852 tem
342 1813 583 1865 personas
619 1799 763 1843 fictas
800 1797 1036 1843 adhibere
1070 1797 1225 1844 totius
1263 1795 1428 1858 operis
1465 1798 1592 1842 ratio
1628 1809 1871 1860 posceret,
1909 1801 2042 1848 nihil

199 1873 371 1928 video,
419 1866 555 1928 quod
590 1865 695 1910 ullo
731 1865 883 1910 modo
921 1880 948 1910 a
983 1864 1206 1911 Platonis
1253 1879 1394 1910 more
1431 1873 1481 1909 et
1519 1864 1689 1909 indole
1729 1874 1921 1913 temere
1956 1869 2040 1915 ab-

197 1942 415 1986 horreat.

334 2056 462 2107 Loci
496 2054 842 2117 temporisque
869 2055 1092 2099 rationes
1128 2054 1182 2098 in
1216 2054 1317 2099 hoc
1355 2054 1553 2116 dialogo
1585 2054 1848 2116 explicare,
1886 2073 1914 2102 a
1949 2073 2040 2104 no-

202 2139 301 2177 stra
337 2142 392 2173 re
430 2123 637 2185 longius
677 2122 853 2168 abesse
896 2121 1107 2168 videtur.
1181 2121 1515 2170 Vide-tamen
1556 2121 1679 2185 Leg.
1702 2122 1741 2181 Ι,
1777 2136 1816 2169 1.
1848 2139 1898 2187 p.
1924 2123 2039 2184 625.

204 2200 405 2244 Boi-:cim
435 2208 484 2254 p.
510 2202 589 2252 71.
630 2191 721 2234 Ast
757 2200 1077 2233 commentar.
1116 2206 1164 2251 p.
1192 2200 1303 2246 157.

338 2341 581 2390 Introitus
623 2337 945 2402 dialogorum
994 2344 1182 2398 quanta
1220 2349 1336 2381 cura
1381 2342 1431 2380 et
1475 2333 1718 2381 industria
1763 2350 1791 2382 a
1833 2335 2061 2393 Platone,

133 2425 134 2428 ’
192 2403 405 2472 ³semper
445 2409 723 2452 elaboratus
766 2406 831 2449 sit
875 2419 1025 2449 nemo
1073 2402 1252 2446 nescit.
1332 2403 1393 2446 In
1438 2412 1609 2447 nostro
1655 2402 1883 2467 dialogo,
1928 2418 2047 2466 cum

208 2491 455 2542 personae
497 2485 664 2520 essent
705 2472 1003 2518 indefinitae
1045 2486 1232 2530 eaeque
1273 2484 1579 2530 perpaucae,
1626 2468 1752 2516 haec
1783 2466 1916 2517 'cura
1949 2473 2047 2530 mi-

131 2539 133 2542 ’
183 2541 185 2544 ⁴
209 2560 307 2594 nus
323 2539 538 2604 insignis
561 2553 668 2593 esse
687 2539 868 2602 potuit.
914 2534 1177 2586 Probabile
1200 2545 1374 2583 tamen
1394 2545 1485 2598 est,
1516 2536 1781 2583 Platonem
1798 2536 1853 2583 in
1875 2536 2048 2603 repiti-

127 2658 131 2670 ,
209 2615 276 2661 tis
295 2611 417 2657 huic
437 2608 566 2651 libro
588 2607 717 2650 curis
738 2607 1032 2650 adhibendis
1053 2606 1257 2651 initium
1282 2605 1463 2649 melius
1483 2605 1646 2649 fuisse
1659 2604 2046 2667 elaboraturum,

208 2682 340 2730 sicut
367 2673 580 2724 Politiae
616 2671 824 2719 initium
851 2686 1047 2731 quoque
1076 2680 1191 2718 ante
1225 2672 1389 2731 ipsam
1422 2680 1639 2725 mortem
1677 2669 1843 2715 denuo
1881 2672 2049 2720 elabo-

207 2762 347 2799 rasse
375 2750 621 2792 narratur.
672 2737 768 2784 Vel
796 2737 870 2783 sic
889 2746 1062 2783 tamen
1084 2738 1307 2789 Platonis
1329 2752 1525 2783 morem
1545 2750 1652 2781 non
1676 2736 1828 2799 plane
1854 2733 2052 2799 deside:-v

209 2830 405 2873 ramus3
430 2810 583 2859 ox'nne
604 2806 918 2869 colloquium
937 2802 1077 2850 enim
1096 2819 1124 2849 a
1144 2805 1350 2850 fortuito
1372 2805 1589 2866 quodam
1600 2815 1727 2851 casu
1742 2804 1935 2857 orditur
1956 2819 2008 2861 et,
2020 2823 2051 2855 a
