2286 2948
1106 592 1193 628 DE

410 750 415 754 .
459 702 853 774 PLATONIS
920 704 1236 759 INDOLE
1302 706 1408 761 ET
1473 703 1841 764 INGENIO.

233 1106 505 1190 Hominis
530 1135 754 1182 indolem
775 1144 825 1181 et
844 1136 1107 1210 ingenium
1131 1150 1438 1199 cognoscere
1465 1144 1516 1181 et
1533 1136 1738 1198 penitus
1762 1137 2062 1199 perspicere,

229 1219 310 1252 res
352 1214 428 1250 est
470 1213 638 1250 tantae
682 1203 919 1249 audaciae
963 1194 1231 1265 tan'taeque
1279 1203 1589 1250 difficultatis
1624 1213 1682 1249 ut
1723 1219 1872 1266 saepe
1903 1205 1966 1252 de
2001 1221 2062 1253 ea

228 1272 359 1317 bene
406 1271 698 1317 illustranda
742 1281 794 1316 et
833 1272 889 1316 in
932 1272 1099 1321 lucem
1144 1270 1482 1331 protrahenda
1531 1270 1895 1331 desperandum
1948 1288 2059 1319 esse

226 1338 468 1387 videatur.
548 1340 675 1383 Nona
706 1337 795 1382 illa
838 1337 950 1382 dico
990 1337 1412 1398 philosophorum
1444 1337 1722 1382 tentamina
1766 1346 1817 1382 et
1865 1340 2061 1400 experi-

227 1415 399 1450 menta
434 1404 629 1467 ingenii
663 1404 873 1449 humani
895 1404 1243 1481 perscrutandi
1270 1413 1320 1449 et
1343 1403 1641 1461 illustrandi,
1679 1419 1805 1465 quae
1824 1419 1924 1464 quo
1944 1401 2061 1466 pro·

227 1472 344 1534 pius
375 1472 436 1516 ad
464 1486 668 1516 causam
703 1481 752 1515 et
781 1472 1027 1533 originem
1056 1472 1220 1515 omnis
1254 1472 1384 1516 vitae
1414 1471 1760 1547 explicandam
1796 1472 2058 1532 accedunt,

227 1553 288 1584 eo
323 1539 483 1600 magis
517 1538 735 1591 tenebris
766 1547 817 1583 et
845 1539 1063 1602 caligine
1096 1537 1340 1598 impedita
1376 1549 1425 1582 et
1461 1538 1802 1584 circumventa
1834 1554 1946 1584 esse
1977 1555 2058 1586 so-

218 1606 358 1661 lent3
406 1605 491 1650 sed
537 1605 591 1649 in
635 1606 736 1649 vita
783 1605 1041 1649 communi
1086 1606 1382 1665 plerumque
1424 1604 1713 1655 aberramus
1751 1621 1780 1651 a
1815 1620 1927 1649 vera
1964 1607 2056 1652 ho-

224 1672 422 1717 minum
464 1671 634 1717 indole
678 1680 729 1716 et
770 1681 942 1717 mente
977 1671 1179 1733 penitus
1211 1670 1558 1734 cognoscenda
1596 1680 1646 1716 et
1680 1671 1740 1716 ad
1772 1672 1940 1716 vivum
1978 1689 2053 1718 re·
2101 1696 2113 1701 *

223 1739 448 1784 secanda.
558 1739 824 1783 Enimvero
870 1748 1217 1799 praeterquam
1259 1738 1390 1797 quod
1433 1738 1666 1782 homines
1701 1752 1818 1782 cum
1858 1748 2052 1799 tempo-

223 1804 360 1851 ribus
403 1815 687 1863 mutantur,
726 1814 924 1850 tantum
970 1805 1109 1849 abest
1150 1814 1205 1849 ut
1239 1806 1466 1865 plerique
1501 1799 1554 1848 se
1588 1804 1687 1864 ipsi
1722 1818 2050 1866 cognoscant,

222 1868 281 1918 ut
322 1875 483 1919 multo
526 1873 690 1918 minus
735 1881 921 1918 certam
963 1872 1073 1918 aliis
1118 1872 1197 1918 sui
1242 1871 1674 1917 adumbrationem
1716 1872 1909 1917 tradere
1940 1889 2051 1934 pos·

221 1942 347 1999 sint,
387 1941 586 1985 etiamsi
630 1940 784 1999 (quod
821 1940 1074 1984 rarissime
1111 1941 1187 1998 fit)
1227 1941 1457 1982 voluntas
1499 1949 1551 1982 et
1585 1941 1784 1983 occasio
1822 1955 1925 1983 non
1963 1942 2045 1984 de-

220 2007 336 2052 sint.
417 2009 602 2053 Omnes
648 2007 767 2051 inde
812 2021 841 2051 a
884 2007 1053 2067 pueris
1099 2006 1349 2066 quendam
1395 2021 1450 2050 se
1486 2004 1694 2066 gerendi
1730 2005 1960 2051 habitum
1998 2017 2050 2052 et

216 2074 437 2133 speciem
471 2088 589 2134 prae
632 2088 685 2116 se
719 2074 851 2117 ferre
885 2072 1208 2129 adsuescunt,
1254 2086 1402 2130 quem
1438 2071 1539 2130 ipsi
1578 2078 1751 2122 verum
1784 2080 1834 2115 et
1869 2074 2046 2134 genui-

216 2154 341 2184 num
385 2138 542 2183 animi
589 2147 638 2182 et
684 2138 878 2200 ingenii
913 2138 1130 2182 colorem
1169 2146 1337 2198 tegere
1374 2146 1424 2181 et
1459 2137 1717 2182 obnubere
1752 2138 2048 2200 plerumque

217 2220 320 2250 non
360 2205 609 2260 sentiunt3
666 2205 813 2265 pauci
867 2204 1062 2266 ingenii
1115 2204 1425 2247 sublimitate
1470 2203 1532 2247 ad
1578 2194 1886 2267 singularem
1930 2222 2044 2252 sen-

214 2257 372 2318 tiendi
412 2282 462 2316 et
508 2271 765 2333 cogit-andi
809 2270 1015 2317 modum
1068 2270 1322 2327 feruntur,
1373 2285 1521 2328 quem
1567 2271 1653 2316 alii
1698 2271 1781 2315 vix
1826 2276 2045 2319 externis

214 2339 534 2385 lineamentis
597 2327 1006 2392 circumscribere
1061 2336 1248 2382 nedum
1300 2338 1436 2382 intus
1501 2335 1798 2383 adumbrare
1857 2341 2041 2388 valent.

213 2407 408 2467 Quibus
447 2405 679 2449 omnibus
722 2405 854 2465 apud
894 2406 1155 2448 Platonem
1200 2402 1391 2446 accedit
1433 2404 1932 2467 longum-temporis
1964 2411 2044 2454 in-

213 2471 480 2517 tervallum
534 2480 593 2514 et·
642 2471 791 2516 dubia
841 2468 1088 2514 seriorum
1133 2470 1433 2529 seriptorum
1480 2471 1559 2514 vel
1598 2472 1910 2521 asseclarum
1964 2478 2045 2522 vel

209 2538 533 2584 inimicorum
568 2536 719 2595 fama,
753 2537 823 2580 ita
847 2543 926 2593 ut,
964 2536 1006 2579 si
1041 2535 1261 2579 Platonis
1295 2535 1575 2601 imaginem
1607 2551 1790 2598 ponas3
1827 2543 2045 2588 exterior

209 2616 408 2662 tantum
453 2605 620 2650 forma,
658 2605 792 2651 clara
838 2611 889 2647 et
932 2601 1138 2647 definita
1186 2617 1296 2648 esse
1339 2604 1524 2663 possit,
1571 2607 1880 2665 quaeinxus
1922 2624 2039 2654 vero

212 2665 582 2722 adumbrantur*
614 2686 677 2725 ex
717 2679 859 2734 parte
904 2670 1066 2729 soluta
1106 2678 1175 2715 et.
1204 2679 1446 2732 tanquam
1491 2673 1873 2734 tempestatibus
1920 2690 2037 2720 con-

210 2744 346 2798 fusa,
394 2740 558 2786 deleta
605 2750 655 2787 et
689 2739 934 2787 exstincta
967 2739 1266 2787 accuratiori
1297 2740 1560 2786 oculorum
1596 2740 1813 2806 examini
1845 2742 2065 2803 passim*

208 2807 602 2888 serubtrahant.
1713 2885 1743 2925 l
