2286 2948
267 255 369 301 tale
398 252 639 299 reddatur.
688 249 815 314 'Alii
855 265 987 304 vero>
1007 251 1243 296 homines
1287 251 1429 312 iique
1461 244 1738 294 nbbiliores
1783 249 1910 309 (veri
1948 248 2110 313 igitur

262 321 558 385 philosophi
599 334 713 367 cum
754 313 876 383 ipso'
911 319 1140 382 Platpne)
1176 320 1339 381 quoad
1370 317 1607 364 animum
1640 324 1760 365 sunt
1793 317 2005 378 gravidi,
2051 325 2103 361 et

268 389 422 435 animi
461 386 612 447 bona,
659 388 944 446 veritatem,
989 387 1277 445 scientiam,
1324 385 1628 448 sapientiam
1671 397 1931 448 generare,
1987 399 2102 446 pro-

261 470 448 521 pagare
485 465 535 501 et
563 456 867 506 immortalia
901 454 1109 502 reddere
1146 456 1386 518 cupiunt,
1432 464 1497 500 etv
1517 448 1673 499 talem
1708 451 1867 496 animi
1899 459 2102 511 partum

264 523 499 582 edentes,
535 522 836 579 sublimibus
881 533 931 569 et
973 523 1227 580 nobili-bus
1264 520 1703 584 meditationibus,
1740 519 1941 577 legibus
1975 521 2098 576 opti-

262 593 361 636 mis
394 601 442 635 et
473 586 655 648 generi
687 590 903 634 humano
939 592 1254 650 utilissimis,
1300 588 1547 636 institutis
1583 585 1804 649 publicis
1849 594 1901 630 et
1936 585 2098 646 priva-

261 651 609 717 tissapienter
641 657 909 713 conlectiS,
951 657 1172 700 nominis
1210 668 1260 702 et
1299 658 1491 721 gloriae
1525 653 1968 701 immortalitatem
2003 652 2103 697 sibi

261 723 516 770 vindicare
551 723 764 768 student.
835 723 970 770 Huic
1005 723 1401 770 immortalitatis
1433 723 1601 783 studio
1638 715 1809 767 omnia
1845 720 1997 765 huius
2028 721 2103 764 vi-

260 801 341 836 tae
381 790 644 835 commoda
687 791 950 853 ipsamque
985 790 1141 836 vitam
1183 791 1497 853 impendunt.
1570 790 1720 837 Tales
1757 788 1942 855 liberos
1980 796 2097 848 post

259 853 474 903 mortem
510 857 563 901 in
600 856 820 912 nominis
858 853 1154 902 memoriam
1198 858 1482 917 relinquere
1525 857 1689 901 multo
1734 855 1896 917 magis
1934 855 2094 898 cuivis

262 926 358 985 erit
378 933 668 984 exoptatum
689 921 838 983 quam
864 935 1100 984 germana
1121 925 1404 986 progenies.
1462 925 1541 969 Ita
1567 922 1779 969 Homeri
1807 931 1857 966 et
1883 920 2097 968 Hesiodi

261 1005 409 1049 opera
440 990 781 1033 immortalem
806 989 939 1048 apud
968 1001 1191 1049 posteros
1226 992 1439 1052 gloriam
1469 991 1570 1034 illis
1609 988 1958 1047 conciliarunt,
1993 990 2094 1047 Ly-

263 1056 404 1119 curgi
448 1056 585 1119 leges
630 1070 736 1101 non
773 1064 968 1101 tantum
1004 1057 1230 1118 Spartam
1262 1057 1352 1103 ‘sed
1388 1072 1591 1103 omnem
1625 1056 1891 1103 Graeciam
1928 1070 2095 1102 serva-

240 1133 391 1167 runt.
438 1122 643 1168 Deinde
657 1122 929 1168 amandum
947 1132 1021 1167 est
1041 1124 1312 1185 pulchrum
1333 1124 1463 1185 quod
1482 1125 1616 1169 inest
1636 1123 1859 1186 negotiis
1879 1131 2092 1169 tractan-

261 1189 361 1248 dis,
400 1190 694 1251 praesertim
725 1185 1027 1252 magnorum
1063 1192 1281 1234 virorum
1318 1192 1515 1249 legibus
1542 1191 1766 1249 publicis
1800 1201 1849 1235 et
1884 1190 2089 1235 institu-

257 1256 339 1301 tis.
409 1258 485 1303 Ita
520 1256 810 1317 pervenitur
843 1255 907 1313 ad
941 1256 1180 1303 scientiae
1215 1267 1555 1316 venustatem,
1602 1272 1668 1302 ne
1713 1257 1824 1317 quis
1859 1257 1950 1303 uni
1978 1266 2091 1302 tan-

257 1333 369 1368 tum
411 1324 623 1383 pulchro
660 1322 955 1381 adhaereat,
1004 1323 1091 1369 sed
1133 1334 1371 1384 tanquam
1413 1325 1470 1369 in
1513 1324 1652 1369 mare
1694 1323 2089 1384 pulchritudinis

256 1390 523 1433 immersus
566 1387 912 1433 sublimiorem
956 1389 1309 1450 philosophiae
1343 1390 1622 1435 doctrinam
1656 1389 1916 1451 percipiat.
1989 1388 2093 1451 Qui

256 1454 520 1517 huiusque
544 1455 846 1517 penetravit,
887 1455 990 1501 iam
1021 1457 1248 1504 initiatus
1295 1468 1370 1502 est
1404 1457 1648 1517 platonici
1682 1457 1866 1502 amoris
1901 1466 2090 1515 myste-

255 1522 365 1580 riis,
419 1521 554 1565 videt
605 1521 741 1567 enim
783 1530 835 1566 et
869 1521 1078 1583 adspicit
1120 1523 1281 1585 ipsam
1321 1524 1522 1585 pulchri
1546 1522 1749 1583 ide‘am,
1794 1521 2088 1582 immutabi-

255 1588 357 1632 lem
399 1597 448 1633 et
480 1598 732 1634 aeternam
768 1587 1068 1636 nec‘natam
1103 1606 1198 1636 nec
1232 1593 1533 1653 perituram,
1569 1602 1832 1653 nunquam
1866 1588 2090 1637 diminu-

254 1664 360 1700 tam
403 1656 484 1700 vel
530 1666 755 1712 auctam3
799 1657 938 1703 cuius
984 1658 1211 1719 singulae
1255 1674 1332 1704 res
1371 1659 1613 1718 pulchrae
1648 1668 1766 1704 sunt
1799 1659 2087 1719 participes,

255 1721 387 1767 unde
419 1736 524 1769 non
558 1723 659 1769 nisi
693 1737 810 1770 vera
843 1722 998 1771 virtus
1032 1717 1220 1786 ubique
1249 1724 1463 1788 existere
1505 1736 1684 1788 potest.
1755 1726 1877 1771 Plat.
1909 1726 2083 1786 Symp.

388 1858 500 1904 Hoc
539 1858 582 1904 si
614 1849 732 1916 quid
770 1857 906 1903 aliud
942 1860 1165 1905 Platonis
1202 1858 1263 1904 de
1299 1861 1398 1903 vita
1433 1861 1659 1905 humana
1698 1860 1906 1919 eiusque
1939 1858 2081 1901 insti.

254 1921 373 1968 tutis
411 1923 637 1970 civilibus
676 1932 725 1968 et
766 1924 985 1984 politicis
1021 1925 1249 1972 iuvandis
1286 1927 1559 1972 sententias
1597 1941 1777 1986 easque
1815 1942 1841 1971 a
1877 1925 1996 1970 boni
2031 1934 2083 1969 et

250 1990 451 2049 pulchri
493 1990 619 2034 ideis
664 1989 941 2050 pendentes
985 1987 1202 2037 exhibet.
1284 1992 1358 2037 Ad
1402 1993 1563 2053 ipsam
1606 1992 1771 2036 ideam
1816 2005 2078 2052 capessen-

253 2055 364 2099 dam
405 2070 508 2113 non
551 2054 650 2099 nisi
693 2056 938 2118 gradatim
983 2058 1258 2115 acceditur,
1311 2060 1630 2120 negotiorum
1684 2059 2083 2120 (ἐπιτηδευματῶν

254 2134 379 2180 quae
412 2120 555 2180 dicit)
589 2122 646 2168 in
685 2122 781 2166 vita
813 2132 863 2167 et
898 2123 1043 2169 rebus
1074 2124 1285 2169 terrenis
1325 2124 1490 2170 studio
1524 2135 1575 2170 et
1614 2141 1783 2171 amore
1818 2142 2080 2188 nunquam

252 2187 452 2232 omisso.
522 2188 619 2250 Qui
653 2202 770 2232 vero
806 2189 866 2234 ad
899 2191 1063 2251 ipsam
1085 2190 1251 2235 ideam
1277 2192 1681 2251 perspiciendam
1702 2194 1931 2238 'feliciter
1964 2208 2078 2255 per-

250 2254 403 2310 venit,
433 2254 476 2299 is
506 2270 571 2299 ne
604 2254 825 2301 obscuris
862 2266 913 2301 et
943 2257 1210 2303 inutilibus
1246 2257 1655 2306 meditationibus
1695 2261 1949 2306 volvendis
1985 2261 2081 2307 ho·

250 2324 447 2384 minum
493 2322 666 2385 generi
712 2332 761 2366 et
804 2323 993 2369 civitati
1027 2326 1098 2370 ¹sit
1133 2324 1355 2382 inutilis,
1403 2325 1490 2370 sed
1522 2327 1689 2387 potius
1721 2327 1895 2373 'ideam
1928 2327 2082 2374 istam

248 2387 425 2447 p'uram
463 2399 512 2431 et
546 2390 732 2433 claram
765 2390 900 2434 inter
938 2391 1172 2434 homines
1207 2404 1513 2455 propagare,
1557 2408 1735 2438 omnes
1772 2395 1945 2440 res*in
1978 2396 2082 2441 vita

251 2452 507 2499 communi
546 2452 900 2505 obviasideae
938 2454 1084 2500 istius
1125 2467 1356 2503 aeternae
1397 2458 1769 2518 quodammodo
1808 2463 2082 2524 participes

252 2530 302 2566 et
344 2529 589 2580 quatenus
627 2519 747 2565 fieri
788 2530 979 2582 potest,
1024 2522 1216 2584 similes
1254 2523 1496 2584 reddere,
1548 2528 1784 2575 omnibus
1831 2530 2080 2576 institutis

250 2598 301 2633 et
331 2587 473 2632 factis
505 2586 739 2631 humanis
774 2587 911 2633 illius
946 2588 1088 2635 ideae
1123 2601 1296 2638 notam
1328 2589 1624 2655 imprimere
1650 2606 1702 2642 et
1730 2597 1959 2643 ad'ideae
1981 2598 2081 2641 for-

247 2670 386 2711 mam
426 2653 675 2718 redigere,
719 2654 889 2716 itaque
927 2671 1005 2702 res
1046 2669 1242 2706 nostras
1285 2676 1410 2723 quae
1446 2678 1707 2725 nunquam
1746 2664 1930 2710 ideales
1972 2679 2077 2706 om-

250 2723 374 2767 nino
408 2737 515 2767 esse
548 2732 782 2783 possunt,
824 2734 996 2769 tamen
1031 2736 1280 2787 quatenus
1316 2729 1436 2774 licet
1470 2730 1530 2775 ad
1565 2731 1779 2776 idealem
1810 2730 2071 2791 perfectio-

250 2803 369 2856 nem
400 2804 720 2853 promovere,
754 2790 827 2840 ita
859 2791 1291 2845 immortalitatem
1325 2798 1380 2842 in
1413 2798 1717 2845 mortalitate
1753 2795 1986 2841 exhibere
2003 2818 2075 2829 —
