2286 2948
947 115 1299 167 -,-2·Ᾰ’-·

346 253 548 300 Indoles
592 264 641 299 et
684 250 943 315 ingenium
990 249 1213 296 hominis
1259 245 1515 294 cuiusdam
1560 254 1765 305 apparet
1808 247 1865 293 in
1901 249 2030 295 eius-

169 337 175 341 ·
211 318 325 362 dem
361 330 414 363 et
451 321 596 365 dit-tis
624 330 682 371 *et
716 318 875 373 factiS,
911 331 1037 375 quae
1073 317 1159 359 ubi
1194 323 1525 359 consentanea
1560 310 1656 355 sibi
1688 310 2031 374 inveniuntur,

207 386 615 445 probabilitatem
654 387 705 429 in
750 381 1102 445 perscrutando
1145 380 1344 425 veritati
1379 378 1636 437 aequalem
1666 375 1770 419 fere
1800 377 2031 438 reddunt,

209 451 363 496 modo
410 454 498 497 illa
542 468 565 496 a
612 452 752 495 nobis
796 450 902 493 sine
944 449 1049 493 ullo
1090 461 1255 491 errore
1295 445 1397 489 sint
1431 452 1691 504 perspecta
1726 451 1777 487 et
1811 440 1874 487 ad
1910 442 2032 488 inti-

211 535 351 564 mam
387 535 544 579 usque
581 531 778 563 causam
816 524 863 559 et
898 514 1147 577 originem
1186 511 1484 557 examinata.
1555 511 1649 556 Pro
1686 509 1830 553 dictis
1862 508 2033 552 valent

214 587 370 630 etiam
416 587 622 645 scripta,
669 598 793 643 quae
836 582 926 625 etsi
969 581 1120 642 paulo
1155 579 1494 641 pulchriorem
1530 576 1783 621 interdum
1813 577 2032 641 auctoris

211 648 489 713 imaginem
533 651 673 694 nobis
719 649 1006 704 exhibeant,
1059 658 1233 692 tamen
1272 655 1531 705 propterea
1576 643 1709 703 quod
1753 642 2032 688 accuratius

215 729 265 762 et
301 716 659 770 consideratius
704 724 817 760 sunt
861 714 1110 759 elaborata
1160 723 1208 756 et
1258 711 1489 755 adornata
1537 708 1681 754 dictis
1719 709 1870 755 etiam
1904 722 2031 753 non-

213 797 471 844 nunquam
506 792 623 827 sunt
657 782 1014 840 anteponenda.
1088 784 1145 824 In
1180 779 1375 837 scriptis
1412 776 1737 838 spectandum
1770 784 1844 822 est
1872 784 1922 821 et
1952 789 2031 821 ar-

215 860 513 911 gumentum
559 860 609 892 et
651 848 891 892 librorum
933 845 1228 906 compositio
1276 854 1324 889 et
1367 843 1656 889 oeconomia
1705 857 1821 888 cum
1858 842 2030 905 singua

211 916 305 960 lari
350 916 556 978 linguae
603 929 718 971 usu,
774 914 826 957 in
874 914 1113 973 scriptore
1156 912 1351 956 usitato.
1445 914 1516 956 Ex
1570 910 1747 970 quibus
1797 909 2031 954 omnibus

212 982 541 1026 inveniuntur
576 981 773 1041 singula
815 979 1000 1024 indicia
1038 989 1088 1022 et
1121 979 1326 1040 vestigia
1363 979 1612 1022 interioris
1648 976 1829 1021 indolis
1867 986 1917 1021 et
1953 976 2030 1019 in-

213 1049 374 1108 genii,
422 1047 552 1107 quod
595 1047 903 1107 singularem
952 1045 1200 1103 quendam
1246 1044 1497 1088 sentiendi
1540 1055 1588 1087 et
1627 1044 1879 1105 cogitandi
1923 1050 2030 1087 mo·-

211 1115 331 1157 dum
380 1124 526 1171 atque
571 1113 816 1155 rationem
866 1111 1268 1169 comprehendit,
1315 1127 1441 1168 quae
1484 1111 1651 1170 ipsum
1695 1110 1956 1156 hominem
2003 1123 2033 1153 a

212 1177 682 1227 caeterisomnibus
720 1176 999 1237 destinguit
1035 1187 1083 1220 et
1119 1187 1311 1236 separat
1348 1187 1396 1220 et
1424 1192 1570 1234 quam
1596 1176 1732 1220 >alius
1758 1177 1913 1221 homo
1944 1177 2031 1235 qui

209 1244 336 1287 sorte
371 1245 476 1288 eius
514 1244 624 1286 loco
663 1242 730 1285 de*
756 1241 934 1285 iisdem
972 1242 1118 1286 rebus
1156 1241 1456 1300 scripsisset,
1498 1256 1754 1300 nunquam
1792 1241 2032 1301 consequi

210 1310 470 1368 potuisset.
542 1309 683 1352 Hanc
729 1308 973 1351 rationem
1012 1318 1061 1352 et
1095 1308 1317 1351 indolem
1358 1308 1500 1352 certis
1538 1317 1587 1351 et
1621 1307 1840 1352 definitis
1874 1307 2031 1352 linea-

212 1376 393 1420 mentis
438 1373 681 1420 delineari·
723 1383 837 1418 ante
881 1373 1049 1418 omnia
1091 1387 1214 1435 opus
1263 1383 1362 1433 est,
1409 1388 1473 1417 ne
1519 1388 1578 1417 ex
1623 1372 1747 1417 falsa
1792 1374 2032 1433 opinione

211 1443 369 1489 semel
399 1450 632 1503 percepta
671 1442 861 1501 reliqua
895 1455 1088 1502 quoque
1126 1441 1293 1485 omnia
1322 1450 1640 1503 praepostere
1675 1451 2029 1501 pervertamus.

350 1578 490 1637 Quae*
535 1575 579 1619 si
622 1573 683 1619 ad
728 1577 985 1621 Platonem
1030 1575 1398 1635 transferimus,
1445 1577 1551 1622 eius
1596 1579 1727 1625 facta
1764 1589 1814 1624 et
1848 1571 2030 1638 scripta

214 1641 542 1687 examinanda
587 1650 637 1685 et
675 1643 805 1687 inter
849 1658 900 1687 se
951 1644 1282 1704 comparanda
1323 1658 1431 1688 esse
1475 1657 1692 1705 apparet.
1763 1649 1841 1693 De
1881 1643 2029 1688 rebus

213 1725 240 1755 a
289 1710 497 1755 Platone
547 1723 638 1767 per
690 1709 840 1754 vitam
893 1710 1042 1771 gestis
1090 1720 1194 1754 tam
1251 1710 1398 1755 dubia
1442 1720 1489 1755 et
1535 1712 1726 1757 diversa
1782 1712 2032 1757 serioru'm

212 1777 519 1836 scriptorum
557 1774 690 1819 fama
720 1785 969 1835 superest,
1025 1785 1081 1820 ut
1112 1775 1229 1821 inde
1264 1776 1338 1821 nil
1373 1777 1471 1822 nisi
1507 1778 1703 1838 potiora
1750 1778 1856 1823 eius
1897 1777 2032 1822 vitae

209 1851 470 1888 momenta
504 1849 553 1885 et
584 1851 879 1903 argumenta
917 1841 1155 1887 extricare
1191 1843 1369 1903 possis,
1406 1857 1465 1888 ex
1501 1841 1681 1904 quibus*
1714 1844 1772 1889 ad
1809 1844 2032 1888 indolem

212 1919 261 1953 et
304 1909 571 1970 ingenium
616 1909 834 1953 Platonis
879 1908 1259 1955 describendum
1308 1924 1483 1969 parum
1530 1924 1793 1971 possumus
1833 1910 2030 1955 lucrari.

211 1977 324 2021 Sola
371 1976 556 2034 scripta
593 1974 752 2036 igitur
797 1984 1092 2037 supersunt,
1144 1990 1204 2019 ex
1246 1976 1423 2036 quibus
1462 1978 1681 2022 Platonis
1726 1977 1946 2021 indolem
1982 1985 2036 2019 et

210 2041 477 2106 ingenium
527 2055 830 2104 cognoscere
875 2043 1039 2088 liceat.
1125 2043 1382 2103 Quaenam
1427 2054 1596 2088 autem
1646 2052 1765 2087 sunt
1815 2043 2034 2104 genuina

213 2109 438 2154 eiusdem
475 2109 657 2167 scripta
694 2119 743 2152 et
782 2110 842 2153 ab
882 2110 994 2170 ipso
1029 2110 1238 2155 Platone
1278 2108 1531 2169 profecta?
1603 2109 1695 2156 Cui
1732 2108 1805 2154 rei
1839 2118 1894 2154 ut
1928 2124 2031 2154 cer-

210 2187 317 2222 tum
353 2173 606 2239 quoddam
642 2173 1026 2233 fundamentum
1057 2176 1409 2232 subiiciamus,
1455 2191 1698 2237 ponamus
1736 2176 1823 2220 illa
1851 2176 2033 2235 scripta

214 2258 339 2303 quae
383 2242 637 2303 platonica
684 2255 793 2285 esse
829 2254 980 2285 nemo
1025 2255 1247 2298 unquam
1292 2242 1556 2297 dubitavit,
1599 2253 1648 2287 et
1693 2258 1819 2301 quae
1865 2257 1890 2287 a
1925 2243 2033 2301 Pla-

211 2322 330 2356 tone
367 2325 475 2354 esse
512 2308 793 2372 composita
828 2322 918 2369 pro
950 2316 1084 2369 certo
1121 2322 1255 2352 nunc
1291 2316 1342 2351 et
1377 2308 1629 2369 explorato
1658 2307 1829 2354 haberi
1857 2318 2036 2371 potest,

213 2376 496 2423 Phaedrum
533 2376 748 2433 scilicet,
783 2377 1126 2437 Protagoram,
1161 2374 1525 2431 Parmenidem,
1562 2377 1811 2439 Gorgiam,
1843 2376 2033 2423 Theae-

211 2453 402 2500 tetum,
459 2443 741 2503 Cratylum,
799 2442 1112 2504 sophistam,
1167 2443 1458 2499 Politicum‚
1509 2444 1831 2505 Symposion,
1875 2443 2034 2490 Phae·

215 2512 421 2567 donem,
456 2508 744 2566 Philebum,
776 2511 1033 2569 Politiam‚
1066 2511 1356 2568 Timaeum,
1396 2509 1629 2568 Critiam3
1658 2512 1843 2573 quibus
1880 2511 2031 2559 etiam

210 2579 386 2639 Lysis,
421 2574 641 2633 LacheS,
678 2576 992 2635 Charmides,
1028 2578 1345 2640 Euthyphro,
1381 2579 1639 2641 Apologia,
1672 2581 1823 2638 Crito,
1858 2580 2032 2639 Meno,

209 2642 561 2707 Euthydemus
602 2642 837 2705 ipsaeque
877 2645 1038 2706 Leges
1076 2645 1281 2709 adiungi
1313 2655 1542 2706 possent,
1587 2646 1685 2690 nisi
1721 2647 1847 2694 Astii
1891 2645 2033 2692 dubi-

207 2714 393 2760 tationi
441 2727 570 2760 nova
625 2722 675 2756 et
724 2711 1002 2758 accuratius
1053 2714 1336 2777 conquisita
1378 2707 1673 2777 argumenta
1728 2707 1900 2765 ⁴essent
1948 2709 2052 2775 opss

214 2781 456 2837 ponenda.
578 2780 773 2829 Priores
824 2779 984 2844 igitur
1028 2780 1215 2846 dialogi
1262 2782 1359 2830 soli
1414 2782 1638 2841 adhiberi
1675 2796 1909 2848 possunt,
1971 2784 2033 2836 ad
