2286 2948
235 287 458 338 Platonis
500 285 726 334 indolem
765 285 1228 354 demonstrandam,
1291 303 1443 351 quam
1482 283 1649 367 qualis
1695 287 1764 334 sit:
1801 300 2073 355 antequam

236 357 519 419 videamus,
553 357 685 404 Astii
715 356 776 407 de
810 357 908 403 hac
942 352 996 403 re
1031 357 1336 404 sententiam
1372 356 1735 427 examinemus

368 491 543 538 Astius
597 493 735 537 enim
786 469 898 556 pag.
921 505 1091 552 4—9
1136 492 1283 551 dicit,
1343 488 1712 553 platonismum
1759 485 1869 535 esse
1911 492 2072 551 ipsam
2113 471 2133 566 )

230 558 398 606 ideam
439 557 821 635 philosophiae,
869 574 976 603 seu
993 561 1142 605 unice
1187 573 1385 604 verum
1406 557 1557 603 illud
1578 557 1936 619 philosophiae
1972 559 2070 602 ele·
2108 572 2114 602 f

230 635 461 673 mentum
501 635 553 672 et
593 625 907 702 principium
949 627 1084 686 quod
1120 642 1268 687 supra
1299 640 1507 672 omnem
1540 633 1873 685 systematum
1910 624 2075 685 philo-

231 692 558 752 sophicorum
601 692 1010 754 immutationem
1055 693 1206 757 longe
1251 684 1437 737 elatum
1484 706 1685 766 semper
1719 692 1818 736 sibi
1860 702 2073 749 constet,

233 757 371 803 unde
406 758 572 827 s-i—gula
608 767 877 817 systemata
911 768 1153 818 tanquam
1194 759 1418 803 colorum
1448 757 1737 823 varietates
1753 772 1814 802 ex
1852 758 2073 818 simplici

232 824 348 872 luce
389 825 593 871 coelesti
624 825 872 888 originem
899 825 1116 883 trahant,
1153 824 1287 885 quod
1320 825 1480 887 igitur
1514 825 1682 870 omnis
1718 824 2071 885 philosophiae

233 892 432 938 semina
478 892 534 938 in
573 907 627 936 se
671 892 946 949 contineat,
994 907 1092 951 quo
1140 890 1355 952 denique
1396 891 1561 937 omnis
1597 884 1920 952 philosophia
1956 901 2068 937 ten·

234 958 353 1003 dere
397 968 448 1002 et
490 958 653 1002 redire
696 958 897 1014 debeat,
933 959 1293 1002 Platonismum
1334 958 1492 1020 igitur
1526 972 1631 1001 non
1666 958 1921 1020 singulare
1958 973 2070 1003 esse

233 1035 455 1086 systema
483 1039 576 1069 nec
603 1034 845 1084 tanquam
867 1025 1226 1069 sententiarum
1250 1024 1717 1085 philosophicarum
1746 1026 2064 1085 complexum

235 1091 352 1136 aliis
397 1090 816 1151 philosophorum
863 1091 1124 1135 sententiis
1171 1101 1222 1134 et
1263 1090 1617 1151 systematibus
1668 1090 1858 1151 opponi
1901 1107 2065 1152 posse.

236 1156 385 1221 Quod
428 1157 595 1203 Astius
642 1157 703 1204 ad
751 1157 882 1204 hanc
927 1157 1222 1218 opinionem
1266 1156 1615 1206 illustrandam
1662 1154 2067 1235 etprobandam

234 1224 439 1281 adiecit,
484 1225 610 1269 haec
653 1225 753 1270 tela
798 1234 874 1269 est
917 1224 1059 1267 veris·
1093 1233 1144 1267 et
1178 1224 1314 1269 falsis
1362 1224 1576 1271 mirifice
1616 1233 1872 1282 contexta,
1920 1226 2064 1270 cuius

234 1290 437 1353 singula
472 1292 558 1336 fila
588 1292 795 1350 solvere,
829 1290 1000 1351 spuria
1031 1290 1258 1355 abiicere,
1291 1290 1515 1352 genuina
1546 1290 1711 1336 denuo
1745 1291 1803 1335 in
1836 1290 2065 1337 ordinem

236 1354 462 1419 digerere
502 1366 712 1416 oportet.

371 1490 502 1535 Num
539 1489 663 1534 talis
687 1489 1037 1551 philosophiae
1070 1489 1180 1539 idea
1218 1489 1415 1549 qualem
1445 1489 1617 1537 Astius
1648 1490 1825 1535 statuit
1858 1504 1911 1535 re
1946 1506 2064 1536 vera

236 1555 416 1603 existat
460 1572 552 1602 nec
602 1572 691 1615 ne,
735 1573 859 1604 num
903 1556 1083 1602 deinde
1128 1557 1232 1602 sola
1276 1557 1400 1602 ratio
1442 1557 1665 1602 humana
1700 1572 1791 1617 per
1825 1572 1879 1601 se
1913 1558 2065 1604 istam

234 1623 401 1669 ideam
432 1624 655 1668 invenire
689 1634 738 1669 et
772 1619 1032 1687 divulgare
1069 1625 1253 1681 valeat,
1289 1624 1415 1669 haec
1451 1638 1589 1669 nunc
1619 1625 1772 1670 missa
1804 1624 2062 1671 faciamus.

234 1692 348 1737 Hoc
391 1701 579 1736 certum
625 1702 721 1750 est,
766 1692 914 1736 istam
959 1691 1123 1736 ideam
1164 1706 1299 1736 nunc
1344 1693 1426 1736 vel
1470 1691 1694 1735 nondum
1740 1706 1849 1735 esse
1886 1693 2080 1751 iuven<

233 1766 366 1815 tam,
412 1759 493 1802 vel
533 1759 575 1803 si
610 1759 674 1804 sit
706 1760 934 1815 inventa,
981 1767 1149 1802 tamen
1195 1768 1326 1802 certa
1369 1768 1487 1803 nota
1530 1760 1770 1818 (κριτηριῷ
1799 1759 1936 1816 quod
1973 1775 2060 1804 vo-

236 1826 372 1885 cant)
420 1838 608 1882 carere,
650 1824 782 1878 unde
817 1839 871 1869 re
907 1840 1020 1870 vera
1064 1839 1171 1870 esse
1206 1826 1461 1869 inventam
1496 1834 1748 1885 appareat.
1822 1825 2061 1885 Alioquin

235 1892 375 1936 enim
412 1893 550 1937 nullo
585 1892 735 1937 modo
767 1892 879 1938 fieri
913 1892 1176 1953 potuisset,
1212 1901 1269 1936 ut
1301 1891 1593 1952 philosophi
1628 1892 1793 1936 adhuc-
1827 1892 1887 1935 de
1924 1894 2057 1953 prin-

236 1958 380 2020 cipiis
428 1968 479 2003 et
510 1959 773 2004 elementis
814 1958 1172 2020 philosophiae
1206 1963 1403 2019 semper
1440 1959 1777 2019 disceptarent
1812 1969 1862 2002 et
1900 1960 1953 2003 in
1989 1958 2062 2005 di-

233 2036 399 2069 versas
434 2036 597 2087 partes
636 2027 858 2083 abirent,
907 2040 1070 2085 neque
1105 2040 1306 2087 prorsus
1344 2026 1660 2087 intelligitur,
1697 2038 1787 2069 cur
1811 2033 1917 2073 non
1945 2027 2060 2086 phi-

233 2092 438 2149 losophi
472 2103 587 2150 post
616 2094 873 2138 Platonem
905 2093 998 2136 ista
1030 2093 1140 2136 idea
1176 2093 1378 2137 inventa
1409 2091 1769 2149 acquieverint,
1806 2092 1891 2134 sed
1925 2098 2077 2138 nova

232 2165 506 2218 systemata
539 2157 723 2220 herum
756 2157 1040 2218 iterumque
1073 2156 1336 2204 condendo
1374 2157 1435 2206 ab
1469 2155 1567 2203 ista
1602 2157 1730 2206 idea·
1758 2158 1916 2219 magis
1953 2175 2060 2206 ma-

231 2224 411 2291 gisque
457 2225 764 2270 recesserint.
854 2225 907 2270 Si
950 2237 1115 2273 sanus?
1144 2225 1302 2286 igitur
1346 2238 1521 2269 sensus
1563 2226 1691 2270 Astii
1736 2225 2098 2292 opinionibus,¹

233 2292 380 2349 inest,
416 2292 499 2337 hic
527 2293 661 2337 solus
696 2307 804 2337 esse
838 2302 1022 2351 potest:
1063 2292 1319 2337 Platonem
1357 2281 1519 2338 solum
1552 2307 1671 2351 prae
1707 2293 1913 2337 caeteris
1951 2310 2060 2340 om·
2090 2308 2095 2335 ὲ

233 2358 383 2405 nibus
424 2359 741 2425 philosophis
777 2358 1044 2403 sublimem
1078 2359 1219 2402 illam
1257 2358 1620 2434 philosophiae
1653 2358 1820 2405 ideam
1854 2360 1955 2406 sibi
1989 2372 2088 2417 ιιι-ἶ

232 2424 525 2485 tingendam
565 2435 616 2469 et
648 2419 999 2470 inveniendam
1034 2424 1351 2483 proposuisse
1386 2434 1438 2467 et
1471 2426 1605 2470 inter
1633 2435 1857 2471 caeteros
1883 2442 2074 2475 omnes

232 2490 460 2551 proxime
510 2490 571 2535 ad
615 2491 762 2535 istam
801 2490 964 2534 ideam
1010 2490 1301 2546 accessisse3
1349 2490 1437 2550 qui
1483 2506 1659 2537 sensus
1705 2494 1867 2541 etiam
1893 2495 2072 2542 inesse

232 2557 432 2603 videtur
473 2558 529 2603 in
571 2555 732 2602 verbis
777 2571 890 2619 pag.
918 2562 972 2607 8:
1039 2557 1158 2602 “dte
1203 2573 1312 2602 eme
1359 2559 1500 2616 Idae,
1558 2576 1651 2605 aus
1697 2562 1912 2607 wele-her
1959 2564 2063 2623 allq

238 2628 454 2684 Systeme
487 2623 735 2686 geflossen
769 2626 909 2680 sind,
954 2625 1083 2668 nach
1114 2624 1329 2669 westher
1363 2627 1462 2670 alle
1496 2628 1827 2686 hinstreben‚'
1853 2631 1909 2673 in
1942 2625 2060 2674 wel-³

211 2693 355 2738 cher
391 2694 501 2738 sich
540 2693 637 2737 alle
680 2693 963 2749 verklc‘iren,
1021 2693 1162 2736 dies-e
1217 2694 1336 2738 Idee
1378 2695 1504 2737 oder
1547 2697 1686 2740 die-se
1731 2696 2056 2753 Philosophia

234 2777 300 2806 an
337 2762 447 2806 szch
489 2760 733 2820 gedacht,
766 2759 953 2820 finden
996 2762 1091 2806 wir
1124 2762 1180 2806 in
1225 2763 1329 2807 den
1364 2762 1574 2808 Werken
1603 2762 1771 2807 lte-mes
1809 2757 2051 2817 Denkers,
2083 2766 2089 2770 “

211 2845 272 2901 ἰι
234 2829 400 2876 aeder
441 2830 534 2874 der
574 2830 709 2876 alten
750 2827 899 2875 noch·
920 2829 1017 2876 der
1059 2844 1216 2876 neuen
1265 2828 1395 2876 Welt
1426 2844 1483 2875 so
1518 2844 1629 2875 rezn
1652 2829 1783 2921 ιιηιῒῖ.ι
1789 2822 1910 2886 fi‘ey
1944 2842 2047 2872 von

1703 2908 1729 2946 1
