2286 2948
1001 166 1071 181 --
1154 146 1371 195 12.—

238 278 463 322 ⁴clarum
511 290 633 322 sane
657 276 959 333 consilium,
1015 276 1247 321 oinnibus
1290 271 1513 321 numeris
1553 271 1837 328 absolutum
1884 272 2093 339 ingenio

273 343 447 403 quovis
487 345 701 406 excelso,
736 346 844 404 ipso
874 344 1080 388 Platone
1120 343 1496 404 dignissimum,
1532 340 1592 385 ab
1627 338 1838 387 obscuro
1872 339 2096 404 Philippi

256 410 482 470 ‘Opuntii
526 421 612 455 aut
651 411 807 473 rigido
842 409 1132 455 Xenocratis
1168 409 1375 470 ingenio
1415 408 1601 451 mirum
1631 412 1880 465 quantum
1916 404 2095 452 abhor-

270 492 401 520 rens.
484 477 662 522 Nescio
706 491 823 521 sane
866 491 930 520 an
973 475 1069 519 hoc
1113 475 1379 519 consilium
1415 482 1529 517 ante
1570 470 1833 517 Platonem
1867 468 2095 515 nondum

270 553 445 587 mente
477 554 771 603 conceptum
810 543 1169 618 0113οἕ110111111
1204 541 1268 585 ad
1304 539 1559 601 praeclara
1596 548 1805 583 naturae
1838 536 2094 581 humanae

271 609 590 669 ornamenta,
627 608 687 655 ad
717 608 932 672 insignia
963 607 1155 670 ingenii
1188 606 1403 673 humani
1436 604 1723 652 testimonia
1755 602 2020 665 pertineat.

407 722 524 765 Duo
567 728 818 780 praeterea
862 719 957 763 hoc
1002 720 1115 764 loco
1165 727 1282 763 sunt
1324 715 1566 772 notanda,
1610 714 1746 760 unde
1787 728 1864 759 ars
1902 714 2090 773 critica,

269 785 380 831 istis
416 785 556 831 libris
594 786 883 851 applicanda
917 786 1138 832 maxime
1171 784 1366 847 pendet.
1438 782 1537 827 Ubi
1573 781 1709 826 enim
1747 781 1976 844 singulae
2004 796 2091 830 res

271 862 560 928 occurrunt,
600 867 725 912 quae
756 867 930 928 parum
957 852 1057 896 sibi
1086 859 1366 900 constantes
1401 848 1508 902 11110
1545 849 1821 893 contrariae
1828 817 1903 892 t>et
1933 861 2091 907 oppo-

268 918 396 963 sitae
426 919 508 963 vix
543 917 607 963 ad
642 919 789 963 unius
826 919 919 963 viri
962 918 1234 970 sententias
1272 916 1521 978 pertinere
1566 913 1820 973 videntur,
1866 914 2092 979 primum

269 998 373 1028 non
419 984 787 1059 negligendum
828 994 925 1041 est,
981 984 1111 1044 quod
1161 998 1280 1046 prae
1333 982 1537 1027 caeteris
1590 982 1857 1043 praeclare
1891 981 2093 1033 monuit

269 1052 741 1096 Scn'LEYERMAcnen
775 1051 827 1093 111
867 1052 1019 1110 praef.
1055 1051 1115 1094 ad
1150 1051 1270 1095 Plat.
1302 1064 1416 1110 pag.
1433 1055 1522 1106 58,
1561 1048 1771 1092 nemini
1788 1048 2103 1108 scriptorum'

265 1116 651 1178 praecidendam
700 1131 807 1160 esse
851 1116 1178 1178 immutandi,
1240 1114 1518 1178 corrigendi
1564 1124 1616 1159 et
1664 1114 1964 1162 emendandi
2006 1129 2092 1161 co·

261 1181 425 1256 piam,
460 1182 514 1224 in
550 1196 647 1240 qua
681 1195 735 1225 re
767 1191 938 1226 tamen
974 1182 1248 1227 accuratius
1283 1180 1600 1241 ponderanda
1636 1180 1721 1224 vix
1756 1189 1914 1225 certas
1941 1194 2091 1243 regu-

261 1248 333 1291 las
365 1248 419 1291 in
452 1247 743 1313 universum
778 1262 1059 1308 proponere
1094 1248 1236 1303 licet3
1274 1247 1361 1291 sed
1390 1244 1507 1305 quid
1542 1247 1799 1291 immutari
1830 1245 1950 1305 quid
1982 1261 2090 1293 non

260 1313 482 1375 potuerit
521 1327 546 1357 a
583 1313 888 1374 scriptorum
922 1313 1116 1372 indole,
1159 1322 1480 1376 argumento,
1516 1322 1765 1373 tempore,
1802 1312 1914 1358 loco
1951 1313 2088 1359 aliis-

263 1395 360 1439 que
397 1380 590 1425 casibus
623 1380 846 1437 pendere
881 1380 1085 1424 videtur.
1161 1380 1305 1442 Quod
1335 1381 1401 1440 inl
1424 1380 1570 1423 rebus
1603 1379 1821 1439 politicis
1866 1386 2111 1441 praeser·'

262 1447 357 1491 tim
393 1445 710 1492 recensendis
740 1447 937 1509 negligi
972 1460 1075 1491 non
1111 1446 1272 1492 debet.
1345 1445 1613 1492 Enimvero
1649 1460 1816 1490 rerum
1860 1446 2091 1507 politica·

261 1527 374 1556 rum
409 1513 616 1557 scientia
653 1527 714 1557 ex
748 1527 916 1567 rerum
952 1522 1205 1575 gestarum
1237 1512 1474 1574 adspectu
1508 1520 1557 1556 et
1582 1511 1821 1557 historiae
1856 1513 2090 1573 publicae

231 1579 426 1623 ‘studio
462 1580 651 1626 sensim
690 1581 977 1639 sensimque
1009 1581 1277 1640 processit3
1315 1580 1402 1624 ubi
1436 1579 1593 1641 igitur
1626 1595 1794 1623 rerum
1830 1590 2090 1642 gestarum

260 1647 565 1705 experientia
602 1656 653 1690 et
686 1646 926 1691 historiae
958 1647 1252 1691 recentioris
1288 1646 1511 1690 studium
1545 1645 1852 1706 provehitur,
1888 1648 1961 1691 rei
1995 1663 2089 1709 po-

256 1713 424 1757 liticae
459 1712 670 1758 scientia
702 1728 900 1773 quoque
935 1723 1176 1775 augeatur
1196 1722 1245 1757 et
1263 1713 1557 1758 emendetur
1584 1726 1790 1758 necesse
1808 1722 1899 1769 est,
1933 1728 2088 1773 quare

234 1790 413 1837 ‘usque
449 1778 509 1824 ad
544 1788 715 1823 nostra
750 1789 975 1840 tempora
1012 1779 1151 1825 nulla
1188 1779 1294 1824 fere
1327 1787 1527 1839 praeter
1551 1778 1695 1824 illam
1727 1778 1937 1829 scientia
1974 1779 2091 1839 (etsi

256 1846 498 1900 universa,
536 1847 642 1889 eius
686 1847 932 1907 principia
979 1856 1027 1890 et
1076 1848 1325 1891 elementa
1369 1845 1721 1906 philosophica
1762 1844 1951 1891 dudum
1986 1847 2092 1891 sint

253 1914 458 1955 inventa
497 1921 548 1955 et
583 1912 847 1971 stabilita),
884 1914 939 1956 in
973 1913 1185 1975 singulis
1222 1913 1369 1956 rebus
1405 1911 1699 1956 ordinandis*
1727 1921 1804 1956 tot
1836 1909 2090 1973 tantisque

254 1993 347 2037 pro
391 1986 620 2039 tempore
654 1978 853 2037 litibus,
907 1978 1303 2027 dissensionibus
1352 1987 1401 2023 et
1435 1978 1875 2025 immutationibus
1913 1993 2089 2025 ansam

254 2045 504 2106 praebeat.
1820 2069 1823 2070 ⁷

391 2128 616 2188 Deinde,
662 2130 794 2189 quod
830 2130 989 2193 magis
1023 2131 1173 2176 etiam
1207 2132 1261 2177 in
1303 2132 1563 2178 Platonem
1608 2129 1772 2202 cadit,
1808 2133 1897 2179 ubi
1942 2146 2088 2198 argu-

257 2207 426 2242 menta
473 2204 602 2257 quae
650 2197 1016 2256 quodammodo
1062 2200 1157 2244 sibi
1195 2189 1543 2246 contradicunt
1575 2208 1626 2243 et
1661 2211 1970 2264 repugnant,
2008 2202 2089 2247 in·

257 2264 544 2330 veniuntur,
575 2273 772 2322 tantum
800 2261 938 2305 abest
973 2271 1027 2306 ut
1059 2263 1187 2307 haec
1225 2280 1251 2307 a
1278 2266 1501 2309 Platonis
1535 2267 1743 2325 ingenio
1779 2281 1981 2327 prorsus
2003 2267 2091 2311 ab·

185 2323 199 2370 ³³
222 2322 518 2394 >hori-eant,
553 2340 610 2375 ut
641 2329 811 2391 potius
845 2330 954 2389 ipsa
992 2329 1405 2374 contradictionis
1442 2343 1591 2373 causa
1630 2344 1657 2374 a
1693 2331 1888 2377 diverso
1922 2332 2092 2393 philo-

226 2449 229 2456 ,
256 2396 407 2455 sophi
435 2398 643 2443 consilio
680 2405 729 2441 et
764 2394 960 2441 dicendi
987 2410 1175 2459 genere
1206 2397 1505 2457 plerumque
1536 2394 1603 2440 sit
1637 2396 1921 2458 repetenda.
1978 2400 2093 2446 Hoc

260 2476 428 2506 errore
462 2462 516 2506 111
549 2472 719 2508 nostra
750 2477 804 2507 re
835 2463 1009 2525 Astius
1041 2463 1227 2509 mirum
1266 2473 1511 2524 quantum
1548 2462 1824 2525 culpandus
1861 2474 1951 2524 est,
1983 2466 2093 2526 qui,

257 2530 353 2574 etsi
389 2528 639 2579 diversum
663 2530 878 2576 Politiae
914 2541 965 2576 et
1004 2532 1203 2594 Legum
1241 2531 1514 2577 consilium
1536 2530 1881 2590 intellexisset,
1915 2542 2091 2578 tamen

256 2611 320 2641 ex
363 2595 578 2659 singulis
622 2597 884 2640 sententiis
928 2597 1324 2660 discrepantibus
1366 2599 1529 2661 Leges
1569 2605 1750 2648 νοθείας
1791 2598 2090 2644 convincere

226 2664 421 2710 vellet.
481 2661 651 2725 Quqd
696 2662 894 2707 criticae
941 2665 1056 2708 aitis
1102 2665 1407 2712 exercendae
1454 2679 1642 2726 genus‚
1690 2665 1747 2709 iu
1782 2665 1892 2710 alio
1912 2664 2089 2725 quovis

247 2724 497 2792 scriptore
534 2728 827 2777 cautissime
859 2727 1255 2788 admittendum,
1302 2731 1411 2790 quis
1446 2731 1623 2774 ferret
1634 2731 1691 2774 in
1724 2729 1970 2789 scriptore
2000 2746 2091 2792 po-

249 2799 392 2862 litico
431 2813 598 2861 eoque
621 2796 814 2857 diversa
845 2795 998 2858 plane
1027 2795 1235 2846 consilia
1262 2806 1520 2863 sequente,
1555 2810 1683 2859 quae
1712 2793 1909 2844 diversa
1935 2798 2092 2850 etiam
