<?xml version="1.0" encoding="UTF-8"?>
<!DOCTYPE html PUBLIC "-//W3C//DTD XHTML 1.0 Transitional//EN"
    "http://www.w3.org/TR/xhtml1/DTD/xhtml1-transitional.dtd">
<html xmlns="http://www.w3.org/1999/xhtml" xml:lang="en" lang="en">
 <head>
  <title>
</title>
<meta http-equiv="Content-Type" content="text/html;charset=utf-8" />
  <meta name='ocr-system' content='tesseract 3.04.00' />
  <meta name='ocr-capabilities' content='ocr_page ocr_carea ocr_par ocr_line ocrx_word'/>
</head>
<body>
  <div class='ocr_page' id='page_1' title='image "./4630644_0027.png"; bbox 0 0 2286 2948; ppageno 0'>
   <div class='ocr_carea' id='block_1_1' title="bbox 966 22 1433 118">
    <p class='ocr_par' dir='ltr' id='par_1_1' title="bbox 966 22 1433 118">
     <span class='ocr_line' id='line_1_1' title="bbox 966 22 1433 118; baseline -0.004 -12"><span class='ocrx_word' id='word_1_1' title='bbox 966 22 1433 118; x_wconf 52' lang='lat'>„164—</span> 
     </span>
    </p>
   </div>
   <div class='ocr_carea' id='block_1_2' title="bbox 202 193 2064 1193">
    <p class='ocr_par' dir='ltr' id='par_1_2' title="bbox 202 193 2064 1193">
     <span class='ocr_line' id='line_1_2' title="bbox 226 193 2063 264; baseline -0.006 -17"><span class='ocrx_word' id='word_1_2' title='bbox 226 200 327 247; x_wconf 82' lang='lat' dir='ltr'>nisi</span> <span class='ocrx_word' id='word_1_3' title='bbox 360 199 418 245; x_wconf 87' lang='lat' dir='ltr'>in</span> <span class='ocrx_word' id='word_1_4' title='bbox 454 193 697 248; x_wconf 85' lang='lat' dir='ltr'>societate</span> <span class='ocrx_word' id='word_1_5' title='bbox 731 198 954 248; x_wconf 84' lang='lat' dir='ltr'>humana</span> <span class='ocrx_word' id='word_1_6' title='bbox 988 202 1050 249; x_wconf 86' lang='lat' dir='ltr'>ad</span> <span class='ocrx_word' id='word_1_7' title='bbox 1084 202 1222 248; x_wconf 88' lang='lat' dir='ltr'>illius</span> <span class='ocrx_word' id='word_1_8' title='bbox 1258 199 1457 264; x_wconf 82' lang='lat' dir='ltr'>regulas</span> <span class='ocrx_word' id='word_1_9' title='bbox 1493 201 1779 242; x_wconf 83' lang='lat' dir='ltr'>constructa</span> <span class='ocrx_word' id='word_1_10' title='bbox 1814 202 1865 242; x_wconf 85' lang='lat' dir='ltr'>et</span> <span class='ocrx_word' id='word_1_11' title='bbox 1898 196 2063 263; x_wconf 54' lang='grc' dir='ltr'><strong>ᾰὶςΡο.</strong></span> 
     </span>
     <span class='ocr_line' id='line_1_3' title="bbox 229 262 2064 329; baseline -0.003 -15.997"><span class='ocrx_word' id='word_1_12' title='bbox 229 271 323 314; x_wconf 88' lang='lat' dir='ltr'>sita</span> <span class='ocrx_word' id='word_1_13' title='bbox 375 269 721 329; x_wconf 83' lang='lat' dir='ltr'>conspexeris,</span> <span class='ocrx_word' id='word_1_14' title='bbox 767 278 816 312; x_wconf 93' lang='lat' dir='ltr'>et</span> <span class='ocrx_word' id='word_1_15' title='bbox 859 269 985 315; x_wconf 90' lang='lat' dir='ltr'>haec</span> <span class='ocrx_word' id='word_1_16' title='bbox 1029 279 1105 314; x_wconf 90' lang='lat' dir='ltr'>est</span> <span class='ocrx_word' id='word_1_17' title='bbox 1150 269 1323 314; x_wconf 87' lang='lat' dir='ltr'>civitas</span> <span class='ocrx_word' id='word_1_18' title='bbox 1365 264 1452 310; x_wconf 86' lang='lat' dir='ltr'>illa</span> <span class='ocrx_word' id='word_1_19' title='bbox 1493 262 1790 324; x_wconf 87' lang='lat' dir='ltr'>platonica,</span> <span class='ocrx_word' id='word_1_20' title='bbox 1819 276 1968 321; x_wconf 87' lang='lat' dir='ltr'>quam</span> <span class='ocrx_word' id='word_1_21' title='bbox 2009 270 2064 313; x_wconf 85' lang='lat' dir='ltr'>in</span> 
     </span>
     <span class='ocr_line' id='line_1_4' title="bbox 226 326 2062 395; baseline -0.002 -14"><span class='ocrx_word' id='word_1_22' title='bbox 226 335 409 382; x_wconf 82' lang='lat' dir='ltr'>Politia</span> <span class='ocrx_word' id='word_1_23' title='bbox 459 336 758 395; x_wconf 78' lang='lat' dir='ltr'>descriptam</span> <span class='ocrx_word' id='word_1_24' title='bbox 803 335 1100 380; x_wconf 83' lang='lat' dir='ltr'>invenimus.</span> <span class='ocrx_word' id='word_1_25' title='bbox 1153 336 1230 380; x_wconf 83' lang='lat' dir='ltr'>-In</span> <span class='ocrx_word' id='word_1_26' title='bbox 1280 332 1486 378; x_wconf 87' lang='lat' dir='ltr'>civitate</span> <span class='ocrx_word' id='word_1_27' title='bbox 1527 339 1654 375; x_wconf 86' lang='lat' dir='ltr'>vero</span> <span class='ocrx_word' id='word_1_28' title='bbox 1681 326 1915 375; x_wconf 81' lang='lat' dir='ltr'>secundo</span> <span class='ocrx_word' id='word_1_29' title='bbox 1947 329 2062 386; x_wconf 88' lang='lat' dir='ltr'>loco</span> 
     </span>
     <span class='ocr_line' id='line_1_5' title="bbox 227 393 2063 463; baseline -0.003 -16"><span class='ocrx_word' id='word_1_30' title='bbox 227 403 395 463; x_wconf 84' lang='lat' dir='ltr'>posita</span> <span class='ocrx_word' id='word_1_31' title='bbox 436 417 562 462; x_wconf 90' lang='lat' dir='ltr'>quae</span> <span class='ocrx_word' id='word_1_32' title='bbox 591 402 653 446; x_wconf 87' lang='lat' dir='ltr'>ad</span> <span class='ocrx_word' id='word_1_33' title='bbox 682 415 853 446; x_wconf 88' lang='lat' dir='ltr'>verum</span> <span class='ocrx_word' id='word_1_34' title='bbox 882 416 1046 447; x_wconf 89' lang='lat' dir='ltr'>rerum</span> <span class='ocrx_word' id='word_1_35' title='bbox 1083 408 1271 445; x_wconf 89' lang='lat' dir='ltr'>statum</span> <span class='ocrx_word' id='word_1_36' title='bbox 1308 398 1516 459; x_wconf 88' lang='lat' dir='ltr'>propius</span> <span class='ocrx_word' id='word_1_37' title='bbox 1558 393 1771 454; x_wconf 90' lang='lat' dir='ltr'>accedit,</span> <span class='ocrx_word' id='word_1_38' title='bbox 1808 394 1935 440; x_wconf 89' lang='lat' dir='ltr'>aliae</span> <span class='ocrx_word' id='word_1_39' title='bbox 1963 395 2063 441; x_wconf 85' lang='lat' dir='ltr'>vir-</span> 
     </span>
     <span class='ocr_line' id='line_1_6' title="bbox 228 460 2063 528; baseline -0.003 -14"><span class='ocrx_word' id='word_1_40' title='bbox 228 479 364 514; x_wconf 84' lang='lat' dir='ltr'>tutes</span> <span class='ocrx_word' id='word_1_41' title='bbox 405 468 631 513; x_wconf 87' lang='lat' dir='ltr'>iustitiae</span> <span class='ocrx_word' id='word_1_42' title='bbox 666 469 960 528; x_wconf 87' lang='lat' dir='ltr'>plerumque</span> <span class='ocrx_word' id='word_1_43' title='bbox 996 475 1394 528; x_wconf 86' lang='lat' dir='ltr'>anteponuntur,</span> <span class='ocrx_word' id='word_1_44' title='bbox 1431 474 1488 509; x_wconf 91' lang='lat' dir='ltr'>ut</span> <span class='ocrx_word' id='word_1_45' title='bbox 1519 463 1761 510; x_wconf 87' lang='lat' dir='ltr'>fortitudo</span> <span class='ocrx_word' id='word_1_46' title='bbox 1792 460 1975 508; x_wconf 83' lang='lat' dir='ltr'>bellica</span> <span class='ocrx_word' id='word_1_47' title='bbox 2005 463 2063 509; x_wconf 90' lang='lat' dir='ltr'>in</span> 
     </span>
     <span class='ocr_line' id='line_1_7' title="bbox 231 528 2064 594; baseline -0.002 -14"><span class='ocrx_word' id='word_1_48' title='bbox 231 535 553 580; x_wconf 81' lang='lat' dir='ltr'>Cretensium</span> <span class='ocrx_word' id='word_1_49' title='bbox 585 543 636 579; x_wconf 91' lang='lat' dir='ltr'>et</span> <span class='ocrx_word' id='word_1_50' title='bbox 665 533 1170 580; x_wconf 83' lang='lat' dir='ltr'>Lacedaemoniorum</span> <span class='ocrx_word' id='word_1_51' title='bbox 1209 549 1264 579; x_wconf 90' lang='lat' dir='ltr'>re</span> <span class='ocrx_word' id='word_1_52' title='bbox 1304 531 1519 593; x_wconf 88' lang='lat' dir='ltr'>publica.</span> <span class='ocrx_word' id='word_1_53' title='bbox 1594 529 1693 594; x_wconf 85' lang='lat' dir='ltr'>Qui</span> <span class='ocrx_word' id='word_1_54' title='bbox 1718 528 1875 581; x_wconf 81' lang='lat' dir='ltr'>talem</span> <span class='ocrx_word' id='word_1_55' title='bbox 1907 528 2064 594; x_wconf 87' lang='lat' dir='ltr'>igitur</span> 
     </span>
     <span class='ocr_line' id='line_1_8' title="bbox 233 596 2062 662; baseline -0.002 -16"><span class='ocrx_word' id='word_1_56' title='bbox 233 602 488 646; x_wconf 85' lang='lat' dir='ltr'>civitatem</span> <span class='ocrx_word' id='word_1_57' title='bbox 522 600 765 656; x_wconf 88' lang='lat' dir='ltr'>instituit,</span> <span class='ocrx_word' id='word_1_58' title='bbox 802 601 847 644; x_wconf 91' lang='lat' dir='ltr'>ei</span> <span class='ocrx_word' id='word_1_59' title='bbox 882 616 1002 662; x_wconf 88' lang='lat' dir='ltr'>prae</span> <span class='ocrx_word' id='word_1_60' title='bbox 1043 601 1252 648; x_wconf 83' lang='lat' dir='ltr'>caeteris</span> <span class='ocrx_word' id='word_1_61' title='bbox 1293 596 1570 646; x_wconf 78' lang='lat' dir='ltr'>cavendum</span> <span class='ocrx_word' id='word_1_62' title='bbox 1610 604 1735 659; x_wconf 86' lang='lat' dir='ltr'>est,</span> <span class='ocrx_word' id='word_1_63' title='bbox 1755 610 1822 641; x_wconf 91' lang='lat' dir='ltr'>ne</span> <span class='ocrx_word' id='word_1_64' title='bbox 1860 596 2062 660; x_wconf 71' lang='lat' dir='ltr'>singula</span> 
     </span>
     <span class='ocr_line' id='line_1_9' title="bbox 232 658 2062 731; baseline -0.002 -18"><span class='ocrx_word' id='word_1_65' title='bbox 232 668 477 731; x_wconf 83' lang='lat' dir='ltr'>quaedam</span> <span class='ocrx_word' id='word_1_66' title='bbox 511 667 707 712; x_wconf 89' lang='lat' dir='ltr'>virtutis</span> <span class='ocrx_word' id='word_1_67' title='bbox 743 668 985 727; x_wconf 88' lang='lat' dir='ltr'>particula</span> <span class='ocrx_word' id='word_1_68' title='bbox 1021 664 1127 713; x_wconf 88' lang='lat' dir='ltr'>sola</span> <span class='ocrx_word' id='word_1_69' title='bbox 1158 666 1377 721; x_wconf 90' lang='lat' dir='ltr'>colatur;</span> <span class='ocrx_word' id='word_1_70' title='bbox 1422 662 1474 709; x_wconf 89' lang='lat' dir='ltr'>id</span> <span class='ocrx_word' id='word_1_71' title='bbox 1508 663 1678 726; x_wconf 86' lang='lat' dir='ltr'>potius</span> <span class='ocrx_word' id='word_1_72' title='bbox 1715 658 1969 727; x_wconf 84' lang='lat' dir='ltr'>agendum</span> <span class='ocrx_word' id='word_1_73' title='bbox 2005 673 2062 710; x_wconf 91' lang='lat' dir='ltr'>ut</span> 
     </span>
     <span class='ocr_line' id='line_1_10' title="bbox 230 726 2062 806; baseline -0.002 -28"><span class='ocrx_word' id='word_1_74' title='bbox 230 744 336 779; x_wconf 86' lang='lat' dir='ltr'>tota</span> <span class='ocrx_word' id='word_1_75' title='bbox 372 735 528 777; x_wconf 83' lang='lat' dir='ltr'>virtus</span> <span class='ocrx_word' id='word_1_76' title='bbox 562 733 664 777; x_wconf 84' lang='lat' dir='ltr'>suis</span> <span class='ocrx_word' id='word_1_77' title='bbox 700 735 921 778; x_wconf 86' lang='lat' dir='ltr'>numeris</span> <span class='ocrx_word' id='word_1_78' title='bbox 951 749 1106 795; x_wconf 80' lang='lat' dir='ltr'>quam</span> <span class='ocrx_word' id='word_1_79' title='bbox 1135 732 1353 777; x_wconf 84' lang='lat' dir='ltr'>maxime</span> <span class='ocrx_word' id='word_1_80' title='bbox 1383 726 1609 776; x_wconf 88' lang='lat' dir='ltr'>absoluta</span> <span class='ocrx_word' id='word_1_81' title='bbox 1642 729 1790 774; x_wconf 85' lang='lat' dir='ltr'>rebus</span> <span class='ocrx_word' id='word_1_82' title='bbox 1825 729 2062 806; x_wconf 75' lang='lat' dir='ltr'>gerendis</span> 
     </span>
     <span class='ocr_line' id='line_1_11' title="bbox 231 795 2064 864; baseline -0.001 -19"><span class='ocrx_word' id='word_1_83' title='bbox 231 810 282 845; x_wconf 91' lang='lat' dir='ltr'>et</span> <span class='ocrx_word' id='word_1_84' title='bbox 324 798 614 864; x_wconf 87' lang='lat' dir='ltr'>ordinandis</span> <span class='ocrx_word' id='word_1_85' title='bbox 659 799 857 859; x_wconf 87' lang='lat' dir='ltr'>praesit.</span> <span class='ocrx_word' id='word_1_86' title='bbox 931 800 1075 862; x_wconf 85' lang='lat' dir='ltr'>Quod</span> <span class='ocrx_word' id='word_1_87' title='bbox 1111 798 1315 861; x_wconf 86' lang='lat' dir='ltr'>quidem</span> <span class='ocrx_word' id='word_1_88' title='bbox 1347 797 1469 843; x_wconf 89' lang='lat' dir='ltr'>fecit</span> <span class='ocrx_word' id='word_1_89' title='bbox 1493 797 1691 846; x_wconf 90' lang='lat' dir='ltr'>etiam</span> <span class='ocrx_word' id='word_1_90' title='bbox 1701 796 1866 858; x_wconf 89' lang='lat' dir='ltr'>operis</span> <span class='ocrx_word' id='word_1_91' title='bbox 1901 795 2064 843; x_wconf 83' lang='lat' dir='ltr'>nostri</span> 
     </span>
     <span class='ocr_line' id='line_1_12' title="bbox 202 862 2059 928; baseline -0.001 -17"><span class='ocrx_word' id='word_1_92' title='bbox 202 875 429 922; x_wconf 50' lang='lat' dir='ltr'>fauctor,</span> <span class='ocrx_word' id='word_1_93' title='bbox 468 865 556 925; x_wconf 90' lang='lat' dir='ltr'>qui</span> <span class='ocrx_word' id='word_1_94' title='bbox 588 866 642 909; x_wconf 90' lang='lat' dir='ltr'>in</span> <span class='ocrx_word' id='word_1_95' title='bbox 673 865 916 925; x_wconf 86' lang='lat' dir='ltr'>prioribus</span> <span class='ocrx_word' id='word_1_96' title='bbox 953 865 1093 912; x_wconf 90' lang='lat' dir='ltr'>libris</span> <span class='ocrx_word' id='word_1_97' title='bbox 1112 867 1185 912; x_wconf 91' lang='lat'>111</span> <span class='ocrx_word' id='word_1_98' title='bbox 1222 865 1272 911; x_wconf 93' lang='lat' dir='ltr'>id</span> <span class='ocrx_word' id='word_1_99' title='bbox 1304 864 1408 909; x_wconf 88' lang='lat' dir='ltr'>fere</span> <span class='ocrx_word' id='word_1_100' title='bbox 1437 864 1557 928; x_wconf 84' lang='lat' dir='ltr'>agit,</span> <span class='ocrx_word' id='word_1_101' title='bbox 1593 872 1651 909; x_wconf 92' lang='lat' dir='ltr'>ut</span> <span class='ocrx_word' id='word_1_102' title='bbox 1676 877 1780 909; x_wconf 88' lang='lat' dir='ltr'>non</span> <span class='ocrx_word' id='word_1_103' title='bbox 1814 862 2059 910; x_wconf 88' lang='lat' dir='ltr'>fortitudo</span> 
     </span>
     <span class='ocr_line' id='line_1_13' title="bbox 232 931 2061 994; baseline -0.001 -15"><span class='ocrx_word' id='word_1_104' title='bbox 232 943 318 979; x_wconf 86' lang='lat' dir='ltr'>aut</span> <span class='ocrx_word' id='word_1_105' title='bbox 354 933 449 978; x_wconf 89' lang='lat' dir='ltr'>alia</span> <span class='ocrx_word' id='word_1_106' title='bbox 484 932 748 992; x_wconf 81' lang='lat' dir='ltr'>quaepiam</span> <span class='ocrx_word' id='word_1_107' title='bbox 775 933 970 979; x_wconf 81' lang='lat' dir='ltr'>virtutis</span> <span class='ocrx_word' id='word_1_108' title='bbox 1001 948 1115 993; x_wconf 88' lang='lat' dir='ltr'>pars</span> <span class='ocrx_word' id='word_1_109' title='bbox 1151 932 1238 978; x_wconf 89' lang='lat' dir='ltr'>sed</span> <span class='ocrx_word' id='word_1_110' title='bbox 1271 932 1381 993; x_wconf 90' lang='lat' dir='ltr'>ipsa</span> <span class='ocrx_word' id='word_1_111' title='bbox 1412 931 1568 976; x_wconf 89' lang='lat' dir='ltr'>virtus</span> <span class='ocrx_word' id='word_1_112' title='bbox 1603 931 1807 994; x_wconf 89' lang='lat' dir='ltr'>integra</span> <span class='ocrx_word' id='word_1_113' title='bbox 1835 940 1884 975; x_wconf 92' lang='lat' dir='ltr'>et</span> <span class='ocrx_word' id='word_1_114' title='bbox 1920 931 2061 977; x_wconf 88' lang='lat' dir='ltr'>abso·</span> 
     </span>
     <span class='ocr_line' id='line_1_14' title="bbox 228 996 2061 1063; baseline -0.001 -19"><span class='ocrx_word' id='word_1_115' title='bbox 228 1002 337 1044; x_wconf 85' lang='lat' dir='ltr'>luta</span> <span class='ocrx_word' id='word_1_116' title='bbox 374 999 490 1044; x_wconf 83' lang='lat' dir='ltr'>finis</span> <span class='ocrx_word' id='word_1_117' title='bbox 526 998 677 1042; x_wconf 88' lang='lat' dir='ltr'>totius</span> <span class='ocrx_word' id='word_1_118' title='bbox 715 999 1049 1060; x_wconf 84' lang='lat' dir='ltr'>legislationis</span> <span class='ocrx_word' id='word_1_119' title='bbox 1085 1007 1321 1063; x_wconf 85' lang='lat' dir='ltr'>ponatur,</span> <span class='ocrx_word' id='word_1_120' title='bbox 1367 1007 1521 1057; x_wconf 87' lang='lat' dir='ltr'>utque</span> <span class='ocrx_word' id='word_1_121' title='bbox 1557 997 1788 1059; x_wconf 80' lang='lat' dir='ltr'>singulae</span> <span class='ocrx_word' id='word_1_122' title='bbox 1824 996 2061 1059; x_wconf 82' lang='lat' dir='ltr'>deinceps</span> 
     </span>
     <span class='ocr_line' id='line_1_15' title="bbox 226 1064 2058 1126; baseline 0.002 -19"><span class='ocrx_word' id='word_1_123' title='bbox 226 1065 427 1110; x_wconf 79' lang='lat' dir='ltr'>virtutis</span> <span class='ocrx_word' id='word_1_124' title='bbox 474 1073 640 1123; x_wconf 88' lang='lat' dir='ltr'>partes</span> <span class='ocrx_word' id='word_1_125' title='bbox 686 1065 1037 1110; x_wconf 87' lang='lat' dir='ltr'>secundarium</span> <span class='ocrx_word' id='word_1_126' title='bbox 1080 1064 1248 1110; x_wconf 92' lang='lat' dir='ltr'>locum</span> <span class='ocrx_word' id='word_1_127' title='bbox 1292 1065 1388 1109; x_wconf 87' lang='lat' dir='ltr'>rite</span> <span class='ocrx_word' id='word_1_128' title='bbox 1432 1064 1726 1126; x_wconf 86' lang='lat' dir='ltr'>obtineant,</span> <span class='ocrx_word' id='word_1_129' title='bbox 1756 1077 1907 1123; x_wconf 86' lang='lat' dir='ltr'>quam</span> <span class='ocrx_word' id='word_1_130' title='bbox 1950 1078 2058 1111; x_wconf 84' lang='lat' dir='ltr'>rem</span> 
     </span>
     <span class='ocr_line' id='line_1_16' title="bbox 227 1123 1281 1193; baseline 0.002 -18"><span class='ocrx_word' id='word_1_131' title='bbox 227 1132 327 1177; x_wconf 86' lang='lat' dir='ltr'>iam</span> <span class='ocrx_word' id='word_1_132' title='bbox 362 1123 507 1175; x_wconf 77' lang='lat' dir='ltr'>acute</span> <span class='ocrx_word' id='word_1_133' title='bbox 548 1130 851 1193; x_wconf 83' lang='lat' dir='ltr'>significavit</span> <span class='ocrx_word' id='word_1_134' title='bbox 885 1131 1090 1176; x_wconf 67' lang='lat' dir='ltr'>Boneita</span> <span class='ocrx_word' id='word_1_135' title='bbox 1127 1146 1175 1192; x_wconf 88' lang='lat' dir='ltr'>p.</span> <span class='ocrx_word' id='word_1_136' title='bbox 1202 1131 1281 1188; x_wconf 87' lang='grc'>69.</span> 
     </span>
    </p>
   </div>
   <div class='ocr_carea' id='block_1_3' title="bbox 159 1261 2067 2263">
    <p class='ocr_par' dir='ltr' id='par_1_3' title="bbox 220 1261 2058 1595">
     <span class='ocr_line' id='line_1_17' title="bbox 362 1261 2056 1329; baseline 0 -19"><span class='ocrx_word' id='word_1_137' title='bbox 362 1265 468 1310; x_wconf 90' lang='lat' dir='ltr'>Iam</span> <span class='ocrx_word' id='word_1_138' title='bbox 507 1262 625 1324; x_wconf 90' lang='lat' dir='ltr'>quid</span> <span class='ocrx_word' id='word_1_139' title='bbox 659 1263 714 1308; x_wconf 88' lang='lat' dir='ltr'>in</span> <span class='ocrx_word' id='word_1_140' title='bbox 745 1264 941 1329; x_wconf 87' lang='lat' dir='ltr'>Legum</span> <span class='ocrx_word' id='word_1_141' title='bbox 978 1265 1080 1310; x_wconf 80' lang='lat' dir='ltr'>fine</span> <span class='ocrx_word' id='word_1_142' title='bbox 1114 1264 1184 1310; x_wconf 89' lang='lat' dir='ltr'>ita</span> <span class='ocrx_word' id='word_1_143' title='bbox 1227 1262 1485 1326; x_wconf 88' lang='lat' dir='ltr'>proposito</span> <span class='ocrx_word' id='word_1_144' title='bbox 1529 1278 1556 1308; x_wconf 89' lang='lat' dir='ltr'>a</span> <span class='ocrx_word' id='word_1_145' title='bbox 1589 1262 1810 1308; x_wconf 86' lang='lat' dir='ltr'>Platonis</span> <span class='ocrx_word' id='word_1_146' title='bbox 1845 1261 2056 1327; x_wconf 89' lang='lat' dir='ltr'>ingenio</span> 
     </span>
     <span class='ocr_line' id='line_1_18' title="bbox 226 1330 2057 1392; baseline 0.001 -16"><span class='ocrx_word' id='word_1_147' title='bbox 226 1331 516 1386; x_wconf 87' lang='lat' dir='ltr'>abhorreat,</span> <span class='ocrx_word' id='word_1_148' title='bbox 567 1344 717 1374; x_wconf 88' lang='lat' dir='ltr'>nemo</span> <span class='ocrx_word' id='word_1_149' title='bbox 768 1332 930 1387; x_wconf 79' lang='lat' dir='ltr'>videt3</span> <span class='ocrx_word' id='word_1_150' title='bbox 984 1343 1032 1376; x_wconf 90' lang='lat' dir='ltr'>et</span> <span class='ocrx_word' id='word_1_151' title='bbox 1071 1332 1115 1375; x_wconf 90' lang='lat' dir='ltr'>si</span> <span class='ocrx_word' id='word_1_152' title='bbox 1150 1332 1347 1392; x_wconf 85' lang='lat' dir='ltr'>Legum</span> <span class='ocrx_word' id='word_1_153' title='bbox 1383 1331 1498 1374; x_wconf 91' lang='lat' dir='ltr'>libri</span> <span class='ocrx_word' id='word_1_154' title='bbox 1532 1330 1645 1374; x_wconf 91' lang='lat' dir='ltr'>ideo</span> <span class='ocrx_word' id='word_1_155' title='bbox 1685 1330 1904 1374; x_wconf 82' lang='lat' dir='ltr'>maxime</span> <span class='ocrx_word' id='word_1_156' title='bbox 1938 1341 2057 1377; x_wconf 86' lang='lat' dir='ltr'>sunt</span> 
     </span>
     <span class='ocr_line' id='line_1_19' title="bbox 225 1395 2056 1460; baseline 0.001 -17"><span class='ocrx_word' id='word_1_157' title='bbox 225 1395 484 1460; x_wconf 83' lang='lat' dir='ltr'>culpandi,</span> <span class='ocrx_word' id='word_1_158' title='bbox 523 1395 657 1457; x_wconf 90' lang='lat' dir='ltr'>quod</span> <span class='ocrx_word' id='word_1_159' title='bbox 700 1397 899 1460; x_wconf 89' lang='lat' dir='ltr'>singula</span> <span class='ocrx_word' id='word_1_160' title='bbox 939 1397 1169 1444; x_wconf 86' lang='lat' dir='ltr'>instituta</span> <span class='ocrx_word' id='word_1_161' title='bbox 1211 1397 1418 1459; x_wconf 87' lang='lat' dir='ltr'>politica</span> <span class='ocrx_word' id='word_1_162' title='bbox 1456 1395 1517 1442; x_wconf 92' lang='lat' dir='ltr'>ad</span> <span class='ocrx_word' id='word_1_163' title='bbox 1561 1395 1695 1441; x_wconf 88' lang='lat' dir='ltr'>ideas</span> <span class='ocrx_word' id='word_1_164' title='bbox 1739 1395 2056 1459; x_wconf 87' lang='lat' dir='ltr'>philosophi-</span> 
     </span>
     <span class='ocr_line' id='line_1_20' title="bbox 223 1463 2058 1524; baseline 0.001 -14"><span class='ocrx_word' id='word_1_165' title='bbox 223 1479 306 1510; x_wconf 89' lang='lat' dir='ltr'>cas</span> <span class='ocrx_word' id='word_1_166' title='bbox 352 1478 457 1508; x_wconf 90' lang='lat' dir='ltr'>non</span> <span class='ocrx_word' id='word_1_167' title='bbox 502 1464 805 1522; x_wconf 80' lang='lat' dir='ltr'>referantur,</span> <span class='ocrx_word' id='word_1_168' title='bbox 857 1466 1030 1510; x_wconf 87' lang='lat' dir='ltr'>nescio</span> <span class='ocrx_word' id='word_1_169' title='bbox 1076 1479 1196 1509; x_wconf 88' lang='lat' dir='ltr'>sane</span> <span class='ocrx_word' id='word_1_170' title='bbox 1240 1469 1486 1524; x_wconf 83' lang='lat' dir='ltr'>quaenam</span> <span class='ocrx_word' id='word_1_171' title='bbox 1538 1463 1650 1508; x_wconf 89' lang='lat' dir='ltr'>idea</span> <span class='ocrx_word' id='word_1_172' title='bbox 1695 1463 1963 1509; x_wconf 85' lang='lat' dir='ltr'>sublimior</span> <span class='ocrx_word' id='word_1_173' title='bbox 2004 1474 2058 1511; x_wconf 87' lang='lat' dir='ltr'>et</span> 
     </span>
     <span class='ocr_line' id='line_1_21' title="bbox 220 1529 2054 1595; baseline 0.001 -18"><span class='ocrx_word' id='word_1_174' title='bbox 220 1531 474 1593; x_wconf 86' lang='lat' dir='ltr'>platonica</span> <span class='ocrx_word' id='word_1_175' title='bbox 505 1529 706 1575; x_wconf 87' lang='lat' dir='ltr'>civitate</span> <span class='ocrx_word' id='word_1_176' title='bbox 742 1529 940 1595; x_wconf 89' lang='lat' dir='ltr'>dignior</span> <span class='ocrx_word' id='word_1_177' title='bbox 974 1531 1168 1590; x_wconf 88' lang='lat' dir='ltr'>existat,</span> <span class='ocrx_word' id='word_1_178' title='bbox 1205 1530 1340 1591; x_wconf 84' lang='lat' dir='ltr'>unde</span> <span class='ocrx_word' id='word_1_179' title='bbox 1375 1530 1575 1593; x_wconf 84' lang='lat' dir='ltr'>singula</span> <span class='ocrx_word' id='word_1_180' title='bbox 1603 1529 1771 1576; x_wconf 89' lang='lat' dir='ltr'>omnia</span> <span class='ocrx_word' id='word_1_181' title='bbox 1805 1530 2054 1590; x_wconf 79' lang='lat' dir='ltr'>deducan-</span> 
     </span>
    </p>

    <p class='ocr_par' dir='ltr' id='par_1_4' title="bbox 159 1585 2067 2257">
     <span class='ocr_line' id='line_1_22' title="bbox 159 1585 2056 1666; baseline 0 -23"><span class='ocrx_word' id='word_1_182' title='bbox 159 1629 163 1632; x_wconf 85' lang='lat'><em>-</em></span> <span class='ocrx_word' id='word_1_183' title='bbox 215 1609 323 1655; x_wconf 87' lang='lat' dir='ltr'>tur,</span> <span class='ocrx_word' id='word_1_184' title='bbox 370 1612 524 1657; x_wconf 86' lang='lat' dir='ltr'>quam</span> <span class='ocrx_word' id='word_1_185' title='bbox 568 1597 882 1644; x_wconf 88' lang='lat' dir='ltr'>nobilissima</span> <span class='ocrx_word' id='word_1_186' title='bbox 922 1599 1082 1659; x_wconf 88' lang='lat' dir='ltr'>ipsius</span> <span class='ocrx_word' id='word_1_187' title='bbox 1128 1598 1327 1642; x_wconf 87' lang='lat' dir='ltr'>virtutis</span> <span class='ocrx_word' id='word_1_188' title='bbox 1365 1597 1502 1654; x_wconf 90' lang='lat' dir='ltr'>idea,</span> <span class='ocrx_word' id='word_1_189' title='bbox 1541 1612 1674 1642; x_wconf 88' lang='lat' dir='ltr'>cum</span> <span class='ocrx_word' id='word_1_190' title='bbox 1697 1585 1938 1666; x_wconf 82' lang='lat' dir='ltr'>felicitate</span> <span class='ocrx_word' id='word_1_191' title='bbox 1974 1613 2056 1644; x_wconf 87' lang='lat' dir='ltr'>se-</span> 
     </span>
     <span class='ocr_line' id='line_1_23' title="bbox 218 1662 2050 1726; baseline -0.002 -15"><span class='ocrx_word' id='word_1_192' title='bbox 218 1663 441 1711; x_wconf 89' lang='lat' dir='ltr'>cundum</span> <span class='ocrx_word' id='word_1_193' title='bbox 482 1662 745 1710; x_wconf 89' lang='lat' dir='ltr'>Platonem</span> <span class='ocrx_word' id='word_1_194' title='bbox 792 1679 993 1726; x_wconf 82' lang='lat' dir='ltr'>semper</span> <span class='ocrx_word' id='word_1_195' title='bbox 1040 1665 1352 1711; x_wconf 90' lang='lat' dir='ltr'>coniunctae.</span> <span class='ocrx_word' id='word_1_196' title='bbox 1419 1662 1479 1709; x_wconf 90' lang='lat' dir='ltr'>cf.</span> <span class='ocrx_word' id='word_1_197' title='bbox 1519 1662 1622 1709; x_wconf 88' lang='lat' dir='ltr'>Pol</span> <span class='ocrx_word' id='word_1_198' title='bbox 1653 1663 1749 1721; x_wconf 90' lang='lat'>111,</span> <span class='ocrx_word' id='word_1_199' title='bbox 1792 1675 1820 1721; x_wconf 86' lang='lat'><strong><em>5</em></strong></span> <span class='ocrx_word' id='word_1_200' title='bbox 1859 1680 1908 1725; x_wconf 86' lang='lat' dir='ltr'>p.</span> <span class='ocrx_word' id='word_1_201' title='bbox 1935 1678 2050 1724; x_wconf 77' lang='lat'><strong>592.</strong></span> 
     </span>
     <span class='ocr_line' id='line_1_24' title="bbox 215 1729 2053 1797; baseline -0.001 -19"><span class='ocrx_word' id='word_1_202' title='bbox 215 1732 403 1793; x_wconf 83' lang='lat' dir='ltr'>Leg.1,</span> <span class='ocrx_word' id='word_1_203' title='bbox 435 1730 533 1790; x_wconf 78' lang='lat' dir='ltr'>op.</span> <span class='ocrx_word' id='word_1_204' title='bbox 556 1730 859 1790; x_wconf 66' lang='lat'>6507-651,</span> <span class='ocrx_word' id='word_1_205' title='bbox 882 1734 944 1779; x_wconf 88' lang='lat' dir='ltr'>D.</span> <span class='ocrx_word' id='word_1_206' title='bbox 984 1734 1048 1791; x_wconf 92' lang='lat' dir='ltr'>II,</span> <span class='ocrx_word' id='word_1_207' title='bbox 1076 1746 1171 1797; x_wconf 83' lang='lat'><em>21).</em></span> <span class='ocrx_word' id='word_1_208' title='bbox 1194 1743 1308 1788; x_wconf 85' lang='lat'><strong><em>705.</em></strong></span> <span class='ocrx_word' id='word_1_209' title='bbox 1397 1730 1511 1791; x_wconf 85' lang='lat' dir='ltr'>Huc</span> <span class='ocrx_word' id='word_1_210' title='bbox 1555 1729 1743 1775; x_wconf 89' lang='lat' dir='ltr'>accedit</span> <span class='ocrx_word' id='word_1_211' title='bbox 1782 1731 1914 1790; x_wconf 87' lang='lat' dir='ltr'>quod</span> <span class='ocrx_word' id='word_1_212' title='bbox 1955 1732 2053 1776; x_wconf 85' lang='lat' dir='ltr'>vir-</span> 
     </span>
     <span class='ocr_line' id='line_1_25' title="bbox 213 1795 2051 1862; baseline 0 -18"><span class='ocrx_word' id='word_1_213' title='bbox 213 1799 338 1844; x_wconf 86' lang='lat' dir='ltr'>tutis</span> <span class='ocrx_word' id='word_1_214' title='bbox 370 1795 683 1842; x_wconf 81' lang='lat' dir='ltr'>adumbratio</span> <span class='ocrx_word' id='word_1_215' title='bbox 715 1798 769 1842; x_wconf 91' lang='lat' dir='ltr'>in</span> <span class='ocrx_word' id='word_1_216' title='bbox 809 1799 1030 1862; x_wconf 84' lang='lat' dir='ltr'>Legibus</span> <span class='ocrx_word' id='word_1_217' title='bbox 1068 1799 1298 1844; x_wconf 88' lang='lat' dir='ltr'>instituta</span> <span class='ocrx_word' id='word_1_218' title='bbox 1329 1812 1443 1843; x_wconf 87' lang='lat' dir='ltr'>cum</span> <span class='ocrx_word' id='word_1_219' title='bbox 1480 1797 1541 1842; x_wconf 90' lang='lat' dir='ltr'>iis</span> <span class='ocrx_word' id='word_1_220' title='bbox 1574 1806 1651 1841; x_wconf 88' lang='lat' dir='ltr'>est</span> <span class='ocrx_word' id='word_1_221' title='bbox 1682 1797 2051 1860; x_wconf 87' lang='lat' dir='ltr'>coniungenda,</span> 
     </span>
     <span class='ocr_line' id='line_1_26' title="bbox 215 1863 2053 1926; baseline 0.001 -17"><span class='ocrx_word' id='word_1_222' title='bbox 215 1879 345 1925; x_wconf 83' lang='lat' dir='ltr'>quae</span> <span class='ocrx_word' id='word_1_223' title='bbox 390 1864 445 1908; x_wconf 90' lang='lat' dir='ltr'>in</span> <span class='ocrx_word' id='word_1_224' title='bbox 487 1864 665 1908; x_wconf 84' lang='lat' dir='ltr'>Politia</span> <span class='ocrx_word' id='word_1_225' title='bbox 712 1864 961 1926; x_wconf 86' lang='lat' dir='ltr'>disputata</span> <span class='ocrx_word' id='word_1_226' title='bbox 1007 1866 1320 1921; x_wconf 87' lang='lat' dir='ltr'>invenimus,</span> <span class='ocrx_word' id='word_1_227' title='bbox 1370 1874 1424 1908; x_wconf 93' lang='lat' dir='ltr'>ut</span> <span class='ocrx_word' id='word_1_228' title='bbox 1463 1865 1683 1924; x_wconf 85' lang='lat' dir='ltr'>perfecta</span> <span class='ocrx_word' id='word_1_229' title='bbox 1733 1863 1930 1912; x_wconf 75' lang='lat' dir='ltr'>virtutis</span> <span class='ocrx_word' id='word_1_230' title='bbox 1967 1864 2053 1921; x_wconf 90' lang='lat' dir='ltr'>de-</span> 
     </span>
     <span class='ocr_line' id='line_1_27' title="bbox 214 1929 2067 1992; baseline 0.001 -16"><span class='ocrx_word' id='word_1_231' title='bbox 214 1931 418 1992; x_wconf 87' lang='lat' dir='ltr'>scriptio</span> <span class='ocrx_word' id='word_1_232' title='bbox 465 1929 583 1974; x_wconf 86' lang='lat' dir='ltr'>inde</span> <span class='ocrx_word' id='word_1_233' title='bbox 631 1931 776 1976; x_wconf 86' lang='lat' dir='ltr'>nobis</span> <span class='ocrx_word' id='word_1_234' title='bbox 822 1932 1016 1978; x_wconf 82' lang='lat' dir='ltr'>existat.</span> <span class='ocrx_word' id='word_1_235' title='bbox 1089 1934 1149 1978; x_wconf 88' lang='lat' dir='ltr'>In</span> <span class='ocrx_word' id='word_1_236' title='bbox 1193 1931 1374 1977; x_wconf 89' lang='lat' dir='ltr'>Politia</span> <span class='ocrx_word' id='word_1_237' title='bbox 1414 1932 1548 1975; x_wconf 88' lang='lat' dir='ltr'>enim</span> <span class='ocrx_word' id='word_1_238' title='bbox 1585 1929 1775 1975; x_wconf 86' lang='lat' dir='ltr'>iustitia</span> <span class='ocrx_word' id='word_1_239' title='bbox 1810 1929 2067 1987; x_wconf 61' lang='lat' dir='ltr'>describi--¹</span> 
     </span>
     <span class='ocr_line' id='line_1_28' title="bbox 215 1996 2051 2061; baseline 0.001 -19"><span class='ocrx_word' id='word_1_240' title='bbox 215 2008 320 2055; x_wconf 87' lang='lat' dir='ltr'>tur,</span> <span class='ocrx_word' id='word_1_241' title='bbox 363 1999 420 2042; x_wconf 91' lang='lat' dir='ltr'>in</span> <span class='ocrx_word' id='word_1_242' title='bbox 462 1998 658 2058; x_wconf 85' lang='lat' dir='ltr'>Legum</span> <span class='ocrx_word' id='word_1_243' title='bbox 690 1998 806 2044; x_wconf 87' lang='lat' dir='ltr'>libri</span> <span class='ocrx_word' id='word_1_244' title='bbox 825 2001 860 2044; x_wconf 89' lang='grc' dir='ltr'>Ι.</span> <span class='ocrx_word' id='word_1_245' title='bbox 906 2009 1049 2060; x_wconf 85' lang='lat' dir='ltr'>parte</span> <span class='ocrx_word' id='word_1_246' title='bbox 1092 1999 1260 2061; x_wconf 90' lang='lat' dir='ltr'>priore</span> <span class='ocrx_word' id='word_1_247' title='bbox 1295 1997 1559 2054; x_wconf 78' lang='lat' dir='ltr'>fortitude,</span> <span class='ocrx_word' id='word_1_248' title='bbox 1597 2004 1722 2058; x_wconf 75' lang='lat' dir='ltr'>quae</span> <span class='ocrx_word' id='word_1_249' title='bbox 1758 1996 1820 2043; x_wconf 88' lang='lat' dir='ltr'>ad</span> <span class='ocrx_word' id='word_1_250' title='bbox 1854 1997 2051 2044; x_wconf 80' lang='lat' dir='ltr'>milites</span> 
     </span>
     <span class='ocr_line' id='line_1_29' title="bbox 215 2063 2049 2125; baseline 0.002 -18"><span class='ocrx_word' id='word_1_251' title='bbox 215 2063 507 2124; x_wconf 71' lang='lat' dir='ltr'>praesertim</span> <span class='ocrx_word' id='word_1_252' title='bbox 554 2074 773 2124; x_wconf 86' lang='lat' dir='ltr'>spectat,</span> <span class='ocrx_word' id='word_1_253' title='bbox 820 2065 960 2109; x_wconf 87' lang='lat' dir='ltr'>inde·</span> <span class='ocrx_word' id='word_1_254' title='bbox 985 2081 1145 2125; x_wconf 89' lang='lat' dir='ltr'>usque</span> <span class='ocrx_word' id='word_1_255' title='bbox 1190 2065 1250 2111; x_wconf 90' lang='lat' dir='ltr'>ad</span> <span class='ocrx_word' id='word_1_256' title='bbox 1294 2064 1456 2111; x_wconf 81' lang='lat' dir='ltr'>finem</span> <span class='ocrx_word' id='word_1_257' title='bbox 1494 2064 1581 2110; x_wconf 88' lang='lat' dir='ltr'>lib.</span> <span class='ocrx_word' id='word_1_258' title='bbox 1603 2065 1666 2109; x_wconf 79' lang='grc' dir='ltr'>ΙΙ.</span> <span class='ocrx_word' id='word_1_259' title='bbox 1697 2066 2049 2125; x_wconf 84' lang='lat' dir='ltr'>temperantia,</span> 
     </span>
     <span class='ocr_line' id='line_1_30' title="bbox 218 2128 2049 2206; baseline 0.003 -32"><span class='ocrx_word' id='word_1_260' title='bbox 218 2144 341 2191; x_wconf 82' lang='lat' dir='ltr'>quae</span> <span class='ocrx_word' id='word_1_261' title='bbox 380 2128 586 2190; x_wconf 82' lang='lat' dir='ltr'>reliquis</span> <span class='ocrx_word' id='word_1_262' title='bbox 625 2129 820 2175; x_wconf 85' lang='lat' dir='ltr'>virtutis</span> <span class='ocrx_word' id='word_1_263' title='bbox 855 2131 1077 2190; x_wconf 88' lang='lat' dir='ltr'>partibus</span> <span class='ocrx_word' id='word_1_264' title='bbox 1115 2141 1306 2176; x_wconf 85' lang='lat' dir='ltr'>certum</span> <span class='ocrx_word' id='word_1_265' title='bbox 1340 2130 1551 2176; x_wconf 89' lang='lat' dir='ltr'>modum</span> <span class='ocrx_word' id='word_1_266' title='bbox 1587 2129 1739 2191; x_wconf 89' lang='lat' dir='ltr'>addit,</span> <span class='ocrx_word' id='word_1_267' title='bbox 1773 2130 1829 2177; x_wconf 85' lang='lat' dir='ltr'>in</span> <span class='ocrx_word' id='word_1_268' title='bbox 1858 2131 1945 2189; x_wconf 86' lang='lat' dir='ltr'>lib.</span> <span class='ocrx_word' id='word_1_269' title='bbox 1958 2132 2049 2206; x_wconf 79' lang='grc' dir='ltr'>ΙΙΙ.</span> 
     </span>
     <span class='ocr_line' id='line_1_31' title="bbox 217 2190 1591 2263; baseline -0.003 -21"><span class='ocrx_word' id='word_1_270' title='bbox 217 2197 430 2257; x_wconf 84' lang='lat' dir='ltr'>denique</span> <span class='ocrx_word' id='word_1_271' title='bbox 464 2198 728 2257; x_wconf 80' lang='lat' dir='ltr'>prudentia</span> <span class='ocrx_word' id='word_1_272' title='bbox 759 2211 886 2257; x_wconf 85' lang='lat' dir='ltr'>quae</span> <span class='ocrx_word' id='word_1_273' title='bbox 921 2197 1141 2243; x_wconf 85' lang='lat' dir='ltr'>maxime</span> <span class='ocrx_word' id='word_1_274' title='bbox 1178 2205 1254 2239; x_wconf 90' lang='lat' dir='ltr'>est</span> <span class='ocrx_word' id='word_1_275' title='bbox 1289 2190 1591 2263; x_wconf 79' lang='lat' dir='ltr'>senatorum.</span> 
     </span>
    </p>
   </div>
   <div class='ocr_carea' id='block_1_4' title="bbox 206 2329 2130 2802">
    <p class='ocr_par' dir='ltr' id='par_1_5' title="bbox 206 2329 2130 2802">
     <span class='ocr_line' id='line_1_32' title="bbox 352 2329 2049 2394; baseline 0.003 -19"><span class='ocrx_word' id='word_1_276' title='bbox 352 2329 513 2375; x_wconf 83' lang='lat' dir='ltr'>Huius</span> <span class='ocrx_word' id='word_1_277' title='bbox 551 2330 748 2377; x_wconf 71' lang='lat' dir='ltr'>virtutis</span> <span class='ocrx_word' id='word_1_278' title='bbox 785 2331 1062 2394; x_wconf 83' lang='lat' dir='ltr'>imaginem</span> <span class='ocrx_word' id='word_1_279' title='bbox 1095 2330 1155 2375; x_wconf 89' lang='lat' dir='ltr'>ab</span> <span class='ocrx_word' id='word_1_280' title='bbox 1192 2329 1306 2391; x_wconf 86' lang='lat' dir='ltr'>ipso</span> <span class='ocrx_word' id='word_1_281' title='bbox 1342 2329 1551 2376; x_wconf 88' lang='lat' dir='ltr'>Platone</span> <span class='ocrx_word' id='word_1_282' title='bbox 1587 2344 1650 2376; x_wconf 84' lang='lat' dir='ltr'>ex</span> <span class='ocrx_word' id='word_1_283' title='bbox 1681 2340 1822 2392; x_wconf 89' lang='lat' dir='ltr'>parte</span> <span class='ocrx_word' id='word_1_284' title='bbox 1851 2341 2049 2381; x_wconf 85' lang='lat' dir='ltr'>tantum</span> 
     </span>
     <span class='ocr_line' id='line_1_33' title="bbox 216 2389 2048 2459; baseline 0.002 -19"><span class='ocrx_word' id='word_1_285' title='bbox 216 2405 268 2440; x_wconf 84' lang='lat' dir='ltr'>et</span> <span class='ocrx_word' id='word_1_286' title='bbox 307 2395 577 2457; x_wconf 82' lang='lat' dir='ltr'>fragmenti</span> <span class='ocrx_word' id='word_1_287' title='bbox 607 2398 693 2440; x_wconf 79' lang='lat' dir='ltr'>ins</span> <span class='ocrx_word' id='word_1_288' title='bbox 699 2407 777 2442; x_wconf 81' lang='lat' dir='ltr'>tar-</span> <span class='ocrx_word' id='word_1_289' title='bbox 806 2398 1062 2459; x_wconf 77' lang='lat' dir='ltr'>proficisci</span> <span class='ocrx_word' id='word_1_290' title='bbox 1086 2408 1143 2441; x_wconf 82' lang='lat' dir='ltr'>et</span> <span class='ocrx_word' id='word_1_291' title='bbox 1177 2397 1393 2458; x_wconf 86' lang='lat' dir='ltr'>proponi</span> <span class='ocrx_word' id='word_1_292' title='bbox 1430 2396 1680 2457; x_wconf 84' lang='lat' dir='ltr'>potuisse,</span> <span class='ocrx_word' id='word_1_293' title='bbox 1717 2408 1774 2443; x_wconf 83' lang='lat' dir='ltr'>ut</span> <span class='ocrx_word' id='word_1_294' title='bbox 1808 2389 2048 2449; x_wconf 79' lang='lat' dir='ltr'>obscurus</span> 
     </span>
     <span class='ocr_line' id='line_1_34' title="bbox 212 2453 2050 2526; baseline 0.003 -21"><span class='ocrx_word' id='word_1_295' title='bbox 212 2460 419 2521; x_wconf 76' lang='lat' dir='ltr'>quidam</span> <span class='ocrx_word' id='word_1_296' title='bbox 454 2460 714 2519; x_wconf 82' lang='lat' dir='ltr'>Philippus</span> <span class='ocrx_word' id='word_1_297' title='bbox 751 2475 836 2507; x_wconf 89' lang='lat' dir='ltr'>aut</span> <span class='ocrx_word' id='word_1_298' title='bbox 869 2466 1175 2509; x_wconf 88' lang='lat' dir='ltr'>Xenocrates</span> <span class='ocrx_word' id='word_1_299' title='bbox 1208 2464 1272 2509; x_wconf 80' lang='lat' dir='ltr'>acl</span> <span class='ocrx_word' id='word_1_300' title='bbox 1309 2465 1571 2509; x_wconf 83' lang='lat' dir='ltr'>Platonem</span> <span class='ocrx_word' id='word_1_301' title='bbox 1604 2453 1985 2526; x_wconf 79' lang='lat' dir='ltr'>complendum&#39;</span> <span class='ocrx_word' id='word_1_302' title='bbox 1981 2475 2050 2510; x_wconf 81' lang='lat' dir='ltr'>et</span> 
     </span>
     <span class='ocr_line' id='line_1_35' title="bbox 212 2525 2130 2607; baseline 0.002 -34"><span class='ocrx_word' id='word_1_303' title='bbox 212 2525 590 2575; x_wconf 83' lang='lat' dir='ltr'>emendandum</span> <span class='ocrx_word' id='word_1_304' title='bbox 636 2528 991 2586; x_wconf 85' lang='lat' dir='ltr'>requireretur,</span> <span class='ocrx_word' id='word_1_305' title='bbox 1037 2531 1148 2588; x_wconf 86' lang='lat' dir='ltr'>quis</span> <span class='ocrx_word' id='word_1_306' title='bbox 1195 2547 1414 2589; x_wconf 78' lang='lat' dir='ltr'>unquam</span> <span class='ocrx_word' id='word_1_307' title='bbox 1459 2531 1744 2607; x_wconf 84' lang='lat' dir='ltr'>probabili</span> <span class='ocrx_word' id='word_1_308' title='bbox 1750 2530 1903 2575; x_wconf 83' lang='lat' dir='ltr'>modo</span> <span class='ocrx_word' id='word_1_309' title='bbox 1925 2545 2048 2591; x_wconf 85' lang='lat' dir='ltr'>per·</span> <span class='ocrx_word' id='word_1_310' title='bbox 2128 2527 2130 2531; x_wconf 30' lang='lat'>⁸</span> 
     </span>
     <span class='ocr_line' id='line_1_36' title="bbox 208 2591 2069 2672; baseline 0.001 -30"><span class='ocrx_word' id='word_1_311' title='bbox 208 2593 494 2646; x_wconf 79' lang='lat' dir='ltr'>suadebit?</span> <span class='ocrx_word' id='word_1_312' title='bbox 545 2591 677 2655; x_wconf 76' lang='lat' dir='ltr'>Quid</span> <span class='ocrx_word' id='word_1_313' title='bbox 715 2593 873 2654; x_wconf 78' lang='lat' dir='ltr'>quod,</span> <span class='ocrx_word' id='word_1_314' title='bbox 912 2609 1026 2639; x_wconf 89' lang='lat' dir='ltr'>cum</span> <span class='ocrx_word' id='word_1_315' title='bbox 1061 2606 1342 2655; x_wconf 81' lang='lat' dir='ltr'>utrumque</span> <span class='ocrx_word' id='word_1_316' title='bbox 1360 2611 1487 2672; x_wconf 78' lang='lat' dir='ltr'>opus</span> <span class='ocrx_word' id='word_1_317' title='bbox 1525 2597 1811 2659; x_wconf 79' lang='lat' dir='ltr'>arctissime</span> <span class='ocrx_word' id='word_1_318' title='bbox 1822 2596 1965 2643; x_wconf 82' lang='lat' dir='ltr'>inter</span> <span class='ocrx_word' id='word_1_319' title='bbox 1990 2613 2069 2644; x_wconf 88' lang='lat' dir='ltr'>se·</span> 
     </span>
     <span class='ocr_line' id='line_1_37' title="bbox 206 2659 2046 2724; baseline 0.001 -15"><span class='ocrx_word' id='word_1_320' title='bbox 206 2664 274 2709; x_wconf 87' lang='lat' dir='ltr'>sit</span> <span class='ocrx_word' id='word_1_321' title='bbox 306 2659 724 2724; x_wconf 71' lang='lat' dir='ltr'>coniungentium</span> <span class='ocrx_word' id='word_1_322' title='bbox 736 2691 751 2717; x_wconf 89' lang='lat'>,</span> <span class='ocrx_word' id='word_1_323' title='bbox 796 2660 998 2724; x_wconf 80' lang='lat' dir='ltr'>singula</span> <span class='ocrx_word' id='word_1_324' title='bbox 1036 2661 1181 2705; x_wconf 80' lang='lat' dir='ltr'>verba</span> <span class='ocrx_word' id='word_1_325' title='bbox 1216 2662 1369 2707; x_wconf 84' lang='lat' dir='ltr'>etiam</span> <span class='ocrx_word' id='word_1_326' title='bbox 1406 2664 1461 2708; x_wconf 89' lang='lat' dir='ltr'>in</span> <span class='ocrx_word' id='word_1_327' title='bbox 1483 2663 1687 2710; x_wconf 78' lang='lat' dir='ltr'>Politia</span> <span class='ocrx_word' id='word_1_328' title='bbox 1701 2662 1845 2708; x_wconf 81' lang='lat' dir='ltr'>obvia</span> <span class='ocrx_word' id='word_1_329' title='bbox 1883 2665 2046 2714; x_wconf 89' lang='lat' dir='ltr'>consi-</span> 
     </span>
     <span class='ocr_line' id='line_1_38' title="bbox 209 2727 2125 2802; baseline 0.002 -31"><span class='ocrx_word' id='word_1_330' title='bbox 209 2731 337 2773; x_wconf 81' lang='lat' dir='ltr'>lium</span> <span class='ocrx_word' id='word_1_331' title='bbox 377 2731 582 2792; x_wconf 68' lang='lat' dir='ltr'>Legum</span> <span class='ocrx_word' id='word_1_332' title='bbox 625 2727 1014 2790; x_wconf 81' lang='lat' dir='ltr'>scribendarum</span> <span class='ocrx_word' id='word_1_333' title='bbox 1047 2727 1414 2795; x_wconf 81' lang='lat' dir='ltr'>quodammodo</span> <span class='ocrx_word' id='word_1_334' title='bbox 1452 2730 1741 2801; x_wconf 84' lang='lat' dir='ltr'>significare</span> <span class='ocrx_word' id='word_1_335' title='bbox 1780 2730 2044 2777; x_wconf 80' lang='lat' dir='ltr'>videntur?</span> <span class='ocrx_word' id='word_1_336' title='bbox 2108 2786 2125 2802; x_wconf 34' lang='grc' dir='ltr'><strong><em>ν</em></strong></span> 
     </span>
    </p>
   </div>
   <div class='ocr_carea' id='block_1_5' title="bbox 56 2908 880 2948">
    <p class='ocr_par' dir='ltr' id='par_1_6' title="bbox 56 2908 880 2948">
     <span class='ocr_line' id='line_1_39' title="bbox 56 2908 880 2948; baseline 0 -23"><span class='ocrx_word' id='word_1_337' title='bbox 56 2922 63 2925; x_wconf 87' lang='grc'><strong>.</strong></span> <span class='ocrx_word' id='word_1_338' title='bbox 140 2935 146 2938; x_wconf 37' lang='grc'><strong>,</strong></span> <span class='ocrx_word' id='word_1_339' title='bbox 567 2927 596 2936; x_wconf 21' lang='lat'>⁴.</span> <span class='ocrx_word' id='word_1_340' title='bbox 643 2911 823 2948; x_wconf 37' lang='lat' dir='ltr'>mm„</span> <span class='ocrx_word' id='word_1_341' title='bbox 878 2908 880 2910; x_wconf 29' lang='lat' dir='ltr'>v</span> 
     </span>
    </p>
   </div>
   <div class='ocr_carea' id='block_1_6' title="bbox 1047 2923 2286 2948">
    <p class='ocr_par' dir='ltr' id='par_1_7' title="bbox 1047 2923 2286 2948">
     <span class='ocr_line' id='line_1_40' title="bbox 1047 2923 2286 2948; baseline 0 0"><span class='ocrx_word' id='word_1_342' title='bbox 1047 2923 2286 2948; x_wconf 95' lang='lat' dir='ltr'> </span> 
     </span>
    </p>
   </div>
  </div>
 </body>
</html>
