2286 2948
1057 36 1162 49 S*
1683 36 1701 44 l

183 186 524 239 καταδραμεῐν;
558 181 684 247 Leg.
707 182 812 241 VII,
833 169 966 243 1'2.p.
984 182 1097 234 806.
1142 173 1325 230 Nonne
1354 180 1511 247 igitur
1532 180 1647 230 sine
1678 176 1859 228 acriori
1883 181 2039 250 animi

185 254 385 313 impetu
431 250 561 298 haec
614 260 752 295 erant
805 250 1086 306 tractanda,
1141 265 1313 296 nonne
1364 251 1557 297 ironiae
1607 264 1806 309 quoque
1861 254 2038 296 arctio-

182 333 263 363 res
325 319 516 364 limites
573 325 712 363 erant
756 316 1024 377 ponendi?
1136 316 1358 362 Omnino
1419 325 1591 362 autem
1640 317 1715 361 in.
1752 316 1831 360 his
1890 316 2039 361 rebus

189 385 527 434 diiudicandis
565 382 779 428 tenenda
818 378 894 427 est
929 383 1144 427 auctoris
1178 384 1428 428 sententia
1471 389 1529 431 οὐ
1562 386 1661 442 γὰρ
1701 386 2043 441 εὐσχημοσύνης

187 458 236 501 τὲ
266 457 349 499 καὶ
384 453 702 509 ἄσχημοᾷύνης
735 449 953 506 ῥημάτων
991 450 1123 494 ἕνεκα
1159 455 1304 495 τανῦν
1344 453 1639 507 σκοπούμεθα
1677 451 1805 511 πρὸς·
1827 452 1905 494 τὸν
1943 457 2040 497 τῶν

187 532 387 576 πολλῶν.
404 529 564 584 λόγον,
598 529 704 573 ἀλλ’
750 526 997 581 ὀρθότητός
1024 539 1070 572 τε
1096 527 1178 571 καὶ
1209 528 1444 582 ἁμαρτίας
1472 527 1577 579 πέρι
1604 526 1777 581 νόμων,
1806 527 1905 582 ἥτις
1932 542 2015 574 ποτ

190 608 281 650 ἐστι
319 605 465 663 φύσει.
513 606 617 661 Leg.
636 606 678 658 1,
704 614 742 660 4.
770 603 925 660 p.627.
1750 635 1754 638 -
2009 622 2011 624 ¹

304 721 562 781 'Denique
595 720 764 766 Astius
799 719 855 765 in
888 734 1041 781 opere
1075 727 1249 763 nostro
1282 714 1479 781 ingenii
1513 720 1761 780 quandam
1800 719 2033 765 severita-

186 800 294 836 tem
337 799 386 833 et
430 788 722 850 rigidiorem
756 802 912 848 >quam
949 802 1043 847 pro
1075 787 1294 831 Platonis
1328 787 1498 832 indole
1528 788 1881 845 festivitatem,
1927 787 2033 832 imo

187 858 340 901 nimis
379 854 811 914 circumscriptam
860 853 1104 911 ethicam,
1151 853 1346 898 tristem
1385 864 1434 898 et
1468 855 1701 915 putidum
1734 856 1838 900 fere
1875 854 2033 914 animi

189 938 395 969 sensum
444 920 833 981 deprehendisse
868 920 966 965 sibi
1011 919 1147 963 visus
1193 929 1282 963 est.
1357 921 1495 981 Quae
1535 924 1702 966 omnia
1741 933 1910 966 tamen
1952 922 2033 965 vel
2100 942 2104 946 ·

189 997 488 1053 argumento
527 995 738 1033 tractato
779 996 836 1036 ‚et
873 1001 999 1046 quae
1039 984 1155 1031 inde
1192 985 1376 1047 pendet
1414 997 1518 1032 arte
1554 989 1672 1045 satis
1718 999 2031 1047 excusantur,

189 1059 267 1100 vel
304 1057 433 1099 falso
471 1064 522 1097 et
556 1054 811 1099 immerito
849 1053 988 1112 operi
1026 1053 1355 1113 imputantur.
1429 1055 1672 1098 Severitas
1718 1056 1879 1111 enirn,
1926 1056 2042 1100 imo‘

187 1122 445 1186 rigidioris
486 1119 730 1180 quaedam
767 1119 924 1164 animi
963 1119 1091 1163 ratio
1129 1134 1273 1163 senes
1319 1119 1461 1167 decet
1502 1121 1569 1164 in.
1600 1136 1728 1165 nova
1774 1122 2032 1180 republica

186 1188 448 1237 condenda
489 1195 769 1245 versantes,
813 1185 1087 1231 dummodo
1123 1185 1377 1230 Platonica
1414 1186 1500 1230 illa
1538 1186 1790 1232 urbanitas
1834 1182 1883 1232 et
1921 1203 2029 1233 mo-

184 1258 343 1305 destia
385 1256 450 1300 sit
496 1253 740 1310 admixta,
788 1268 935 1314 quam
973 1268 1221 1312 nusquam
1259 1253 1624 1313 desideramus,
1663 1265 1712 1299 et
1749 1256 1889 1299 cuius
1927 1256 2028 1300 sin-

165 1325 305 1390 ‘gula
344 1321 572 1382 exempla
610 1320 787 1365 afferre
831 1320 1089 1367 infinitum
1127 1330 1216 1370 est.
1287 1319 1518 1365 Ethicam
1553 1323 1766 1368 auctoris
1803 1322 2028 1369 indolem

184 1391 337 1438 nimis
368 1404 477 1434 esse
505 1388 954 1448 circumscriptam,
985 1401 1136 1431 nemo
1168 1402 1389 1446 unquam
1418 1387 1514 1431 sibi
1542 1389 1875 1448 persuadebit,
1911 1394 2027 1435 cum

183 1477 245 1506 ex
282 1459 381 1504 hoc
416 1454 619 1518 Legum
656 1469 805 1515 opere
828 1455 1122 1515 praesertim
1161 1454 1357 1498 ethicae
1383 1455 1670 1514 platonicae
1700 1457 1944 1517 principia
1978 1468 2029 1503 et

184 1528 246 1574 ab
279 1525 391 1570 aliis
428 1531 477 1567 et
504 1523 565 1567 ab
602 1522 712 1582 ipso
747 1523 1112 1567 Tennemanno
1148 1522 1250 1566 sint
1284 1522 1454 1581 petita.
1529 1522 1708 1567 Tristis
1746 1525 1946 1583 quidam
1972 1535 2030 1569 et

180 1590 415 1639 turbidus
450 1589 609 1634 animi
644 1602 818 1633 sensus
857 1598 907 1633 et
943 1588 1149 1633 affectus
1188 1597 1409 1633 extrema
1440 1588 1662 1635 Platonis
1699 1599 1862 1636 aetate
1900 1591 2026 1649 (om-

180 1663 330 1706 nibus
368 1659 474 1702 fere
510 1656 739 1702 omnium
769 1656 1037 1700 hominum
1072 1656 1315 1716 exemplis
1352 1670 1551 1717 semper
1587 1658 2027 1717 confirmantibus)

179 1727 445 1791 aptissime
493 1723 720 1768 excusari
763 1733 959 1783 posset3
1008 1737 1173 1782 neque
1217 1732 1389 1766 tamen
1434 1724 1548 1768 talis
1589 1724 1784 1769 indoles
1821 1727 1875 1769 in
1910 1725 2023 1785 ipso

179 1810 333 1858 opere
380 1789 787 1852 deprehenditur.
878 1791 1013 1852 Quin
1060 1790 1165 1834 imo
1202 1790 1417 1834 alacrem
1474 1791 1604 1835 vitae
1641 1792 1753 1835 vvim
1800 1803 1849 1837 et
1882 1793 2025 1837 ardo-

177 1869 287 1910 rem
331 1861 389 1905 in
423 1858 695 1906 Phaedone
735 1858 1136 1902 commendatam
1174 1856 1272 1902 hoc
1314 1858 1428 1902 loco
1477 1856 1629 1902 etiam
1680 1859 1878 1905 obviam
1915 1860 2025 1905 ubi-

177 1934 250 1977 vis
291 1929 474 1983 habes;
522 1941 588 1970 ne
635 1925 847 1970 extremi
883 1925 1090 1985 quidem
1128 1925 1305 1969 aetatis
1348 1925 1601 1970 humanae
1639 1926 1765 1972 fines
1812 1943 1838 1972 a
1875 1927 2022 1973 rebus

177 1997 413 2044 humanis
446 1993 694 2050 curandis,
732 1993 965 2054 gerendis
1005 2003 1054 2036 et
1093 1992 1398 2049 ordinandiS,
1434 2008 1458 2036 a
1497 2002 1668 2037 sancta
1695 1995 1890 2039 virtutis
1913 1996 2023 2040 idea

178 2068 231 2111 in
260 2055 407 2110 rebus
435 2060 650 2122 publicis
676 2060 983 2105 instituenda
1017 2069 1271 2104 auctorem
1299 2068 1514 2119 possunt
1539 2059 1823 2120 prohibere.
1889 2063 2021 2107 Tan-

177 2144 284 2179 tum
322 2144 439 2174 vero
478 2128 619 2172 abest
650 2134 707 2169 ut
736 2127 913 2181 tristis,
949 2141 1146 2171 morosa
1186 2135 1236 2170 et
1271 2127 1487 2171 molesta
1523 2127 1730 2178 sit,eius
1761 2143 1928 2190 opera,
1965 2139 2022 2174 ut

180 2200 344 2246 omnis
388 2196 448 2240 de
483 2195 709 2257 Legibus
750 2191 1037 2251 disquisitio
1077 2192 1152 2233 nil
1190 2194 1290 2234 nisi
1323 2195 1520 2249 sapiens
1558 2194 1807 2251 quoddam
1841 2211 2022 2241 senum

177 2264 449 2312 ludibrium
482 2260 778 2321 (πρεσβυτῶν
807 2259 1000 2314 ἔμφρων
1029 2255 1202 2299 παιδιά.
1235 2257 1356 2318 Leg.
1378 2258 1460 2313 lV,
1493 2271 1561 2314 ¹4·
1587 2258 1787 2319 p,769,)
1820 2275 1929 2306 esse
1952 2263 2020 2307 vi„

177 2335 377 2387 deatur,
406 2331 466 2374 ²in
499 2342 596 2390 quo
631 2325 908 2372 iuvenilem
941 2332 992 2369 et
1027 2324 1210 2368 fortem
1243 2325 1378 2368 senis
1411 2324 1555 2369 annis
1593 2326 1756 2387 gravis
1792 2329 2020 2376 animum

181 2411 315 2447 recte
361 2397 571 2441 mireris.
645 2396 809 2454 Quem
852 2392 1056 2437 tandem
1098 2406 1200 2435 non
1239 2402 1436 2438 moveat
1474 2392 1645 2451 sedula
1687 2393 1773 2438 illa
1807 2395 2022 2461 diligen-

176 2470 264 2528 tia,
302 2480 401 2528 qua
427 2463 480 2507 in
512 2460 804 2506 educatione
833 2470 881 2504 et
908 2460 1235 2505 matrimonio
1262 2460 1575 2507 instituendo
1598 2471 1774 2507 auctor
1796 2473 1872 2510 est
1899 2470 2021 2517 con·

175 2537 408 2600 spicuus,
442 2530 665 2574 sincerus
700 2528 787 2570 ille
821 2528 1090 2572 hominurn
1130 2543 1286 2586 amor,
1327 2529 1414 2588 qui
1450 2528 1510 2572 ad
1535 2536 1862 2589 posterorum
1900 2522 2019 2592 quo-

173 2615 273 2669 que
317 2598 616 2648 felicitatem
659 2592 987 2638 adiuvandam
1030 2594 1303 2655 discipulos
1357 2605 1409 2640 et
1456 2595 1511 2639 in
1558 2594 1755 2659 legibus
1801 2596 2019 2649 ferendis

171 2680 490 2722 successores
531 2674 830 2724 praeparare
878 2668 928 2702 et
979 2661 1173 2703 erudire
1209 2660 1427 2705 studet?
1486 2663 1610 2724 Quis
1658 2676 1761 2705 non
1808 2666 2024 2716 miretur

170 2742 402 2788 teneram
430 2732 674 2795 pietatem
703 2726 765 2773 ab
801 2724 989 2776 invidia
1026 2734 1076 2770 et
1112 2727 1315 2773 tristitia
1348 2729 1501 2791 longe
1532 2736 1776 2776 remotam
1803 2731 1859 2778 in
1896 2750 2017 2784 sene
