2286 2948
955 127 1359 208 σι-’433ξ

326 263 578 316 ‘Deinde
613 271 920 316 memoratur
954 251 1078 332 Lag.
1109 268 1158 325 1,
1180 261 1226 328 9.
1263 284 1313 331 p.
1336 263 1452 346 658.
1491 250 1706 318 victoria
1739 266 2077 327 Syracusano·

245 341 362 380 rum
389 334 451 397 de
485 336 655 387 Locris
691 344 939 403 reportata
975 349 1102 397 quae
1134 334 1316 383 incidit
1346 336 1405 384 in
1440 335 1504 383 ol.
1534 331 2074 396 106‚1.(an.556.)*)

248 411 463 470 quatuor
493 403 692 454 circiter
724 402 868 447 annis
903 412 1019 465 post
1057 403 1276 452 Platonis
1312 417 1376 450 ex
1409 402 1605 453 Sicilia
1614 400 1835 452 reditum
1864 401 2077 461 (01:106,

250 479 295 514 ι.
335 483 413 515 an.
434 466 580 528 360.)
619 479 732 515 octo
768 471 911 534 annis
952 479 1067 518 ante
1102 470 1208 515 eius
1234 478 1457 516 mortem
1492 465 1597 529 (01.’
1609 459 1729 526 108,
1758 482 1799 513 ι.
1831 483 1909 512 an.
1924 469 2075 527 348.)-

241 532 440 599 Quibus
472 543 589 583 octo
623 535 765 579 annis
799 535 981 595 igitur,
1023 535 1268 596 siquidem
1305 534 1447 581 Plato
1485 546 1659 581 auctor
1690 534 1815 591 fuit,
1847 541 2078 577 nostrum

246 605 373 675 o'pus
408 599 747 664 conscriptum
783 599 875 658 sit,
910 614 1113 647 necesse
1147 613 1234 649 est.
1270 622 1340 638 κ·
1373 597 1671 655 Accujratior
1697 601 1915 647 fortasse
1948 607 2076 644 tem-

245 665 385 728 poris
420 666 707 734 descriptio
721 666 838 712 elici
860 661 1048 728 posset
1082 682 1142 712 ex
1176 669 1335 714 verbis
1380 669 1542 712 Κείους
1578 667 1644 713 δὲ
1665 665 1894 723 Ἀθηναῖοι
1950 666 2073 729 Leg.

245 730 359 792 1,9.
401 747 450 811 Ρ.-
466 723 601 793 ’6585
647 732 733 780 sed
764 737 1122 805 praeterquam
1147 736 1282 796 quod
1319 732 1494 783 lectio
1506 740 1585 779 est
1617 732 1841 808 incer-ta,-
1889 731 2081 779 factum

249 797 554 851 historicum
595 800 706 847 istis
749 800 909 846 verbis
948 795 1123 862 aptu'm’
1166 802 1390 859 nondum
1433 799 1676 846 invenire
1676 798 1871 858 potui;
1944 800 2078 845 solas

251 865 563 914 coniecturas
601 881 755 927 vero,
818 866 919 913 nisi
967 868 1112 913 certis
1166 866 1473 932 argumentis
1528 865 1634 911 sint
1683 865 1873 925 innisa,
1928 866 2079 913 facile

233 928 452 977 omitto.-
520 937 524 941 ’

388 1018 649 1063 Praeterea
679 997 901 1066 Platonis
939 1016 1070 1063 vitae
1114 1004 1381 1080 aptissima
1406 1032 1515 1064 esse
1549 1015 1833 1076 videntur,
1847 1030 1975 1077 quae
2018 1016 2080 1062 de

250 1069 624 1159 Aegyptiorum
662 1091 713 1128 et
744 1084 1007 1131 Persarum
1040 1098 1215 1147 regno
1217 1084 1431 1160 passim·
1447 1093 1814 1142 memorantur,
1862 1097 2080 1142 quorum

254 1149 469 1212 vestigia
496 1143 623 1194 alibi
655 1148 907 1201 interdum
941 1150 1142 1195 frustxa
1160 1149 1482 1212 quaesiveris,
1525 1158 1584 1195 ut
1619 1149 1755 1196 solus
1798 1148 1939 1196 Plato
1984 1165 2076 1198 suo

254 1215 414 1276 ipsius
455 1214 643 1265 harum
664 1226 831 1262 rerum
866 1211 1121 1279 adspectu
1138 1217 1337 1262 edoctus
1371 1217 1493 1262 talia
1524 1217 1719 1261 tradere
1754 1214 1979 1277 potuisse
2006 1219 2079 1263 vi-

258 1280 446 1328 deatur.
552 1283 790 1352 Quamvis
837 1282 1001 1329 enim
1014 1283 1071 1330 in
1109 1283 1368 1330 itineribus
1405 1283 1628 1330 Platonis
1672 1283 1824 1359 vulgo
1866 1284 2076 1331 narratis

253 1350 418 1394 multa
454 1350 555 1393 sint
581 1350 838 1403 fabulosa
838 1357 906 1393 et-
932 1349 1070 1395 nulla
1096 1352 1251 1412 plane
1279 1349 1385 1394 fide
1420 1348 1574 1413 digna
1586 1343 1683 1411 **),
1723 1359 1897 1395 tamen
1929 1349 2077 1398 illum

258 1415 529 1461 Artaxerxe
558 1415 832 1461 Μιιοιιιοιιο
860 1424 909 1460 et
937 1416 1166 1478 Agesilao
1197 1407 1517 1479 regnantibus
1553 1430 1657 1461 non
1684 1417 1767 1460 ita
1778 1415 1940 1460 multo
1964 1428 2084 1478 post

258 1480 609 1543 Xenophontis
644 1481 1009 1542 expeditionem
1040 1482 1332 1538 orientalem
1363 1484 1647 1546 Aegyptum
1685 1481 1864 1526 vidisse
1884 1490 1937 1525 et
1962 1485 2079 1530 Per-

259 1560 430 1592 sarum
469 1547 597 1593 fines
634 1547 859 1614 attigisse
890 1563 1040 1592 nemo
1078 1539 1224 1594 facile
1256 1549 1472 1615 negabit.
1558 1549 1677 1593 Ideo
1717 1549 2081 1610 Aegyptiorum

259 1626 427 1659 mores
467 1611 664 1675 saepius
704 1629 732 1658 a
767 1623 937 1659 nostro
975 1624 1224 1661 notantur.
1305 1616 1386 1661 Sic
1413 1630 1457 1659 v.
1491 1614 1532 1659 c.
1574 1613 1816 1668 σχημάτων
1852 1623 1900 1657 et
1926 1616 2080 1667 μέλων

256 1680 495 1741 ‘exempla
513 1681 594 1726 illi
606 1693 803 1726 servare
819 1679 1071 1740 dicuntur,
1105 1696 1133 1726 0
1163 1681 1342 1742 quibus
1361 1694 1456 1726 nec
1475 1675 1751 1742 pictoribus
1772 1691 1864 1723 nec
1886 1679 1995 1725 aliis
2018 1679 2078 1725 fi-

241 1765 243 1767 *
262 1751 507 1808 gurarum
528 1756 578 1792 et
593 1745 917 1794 artificiorum
935 1746 1086 1792 fabris
1108 1747 1337 1792 recedere
1356 1749 1519 1804 liceat,
1551 1743 1682 1789 unde
1702 1743 1832 1810 quod
1855 1755 1977 1790 ante
1996 1746 2081 1790 de-

250 1825 376 1857 'cem
389 1812 563 1858 millia
575 1827 826 1858 annorum
852 1810 1108 1873 (10Ρίοιοω
1130 1823 1178 1858 et
1197 1813 1467 1874 formatum
1503 1811 1583 1868 sit,
1618 1823 1751 1854 nunc
1777 1811 1929 1857 etiam
1964 1812 2077 1857 irni-

264 1864 408 1924 tandi
425 1872 712 1939 exemplum
731 1888 1049 1939 proponatur.
1078 1880 1198 1942 Leg.
1214 1882 1277 1938 ΙΙ,
1296 1894 1341 1939 5.
1363 1896 1409 1941 Ρ.
1424 1880 1536 1939 656.
1572 1879 1731 1922 Nemo
1752 1891 1924 1923 eorum
1940 1893 2078 1939 prae.

264 1953 346 1989 ter
369 1959 516 2008 usum
542 1946 833 1991 institutum
851 1944 1056 2005 hymnis
1072 1946 1414 2008 choreisque
1400 1961 1456 1992 ιιι
1479 1947 1706 1991 Deorum
1733 1945 1887 1988 sacris
1908 1945 2077 1990 utitur.

241 2006 387 2075 'Leg.
400 2012 508 2070 vn,
528 2018 573 2063 8.
596 2027 645 2074 Ρ.
634 2021 777 2081 .799.
821 2012 969 2057 Pueri
996 2011 1050 2056 ιιι
1068 2014 1297 2076 Aegypto
1323 2009 1538 2059 ludendo
1563 2016 1618 2053 ut
1643 2007 1917 2068 plurimum
1945 2011 2080 2068 litte-

255 2090 434 2124 rarum
450 2086 500 2122 et
514 2086 840 2134 numerorum
854 2087 959 2121 arte
977 2078 1137 2125 imbui
1154 2079 1401 2125 dicuntur.
1422 2076 1665 2143 Leg.V11,
1678 2087 1817 2136 21...p
1830 2083 1942 2135 819.
1979 2080 2085 2125 Ista

262 2135 506 2196 θρέμματα
537 2131 717 2186 Nemeo
739 2141 963 2211 hospites
993 2145 1263 2205 expellunt.
1300 2147 1424 2208 Leg.
1448 2139 1561 2199 XII,
1582 2141 1629 2186 6.
1666 2155 1715 2201 Ρ.
1736 2152 1847 2199 955.
1919 2145 2084 2209 Aegy-

253 2207 486 2268 ptiorum
529 2214 580 2251 et
616 2206 924 2254 Phoenicum
968 2211 1160 2255 malitia
1204 2209 1508 2265 (πανουργία)
1553 2222 1615 2251 ex
1657 2207 1863 2253 aliarum
1898 2212 2085 2258 artium

266 2282 319 2318 et
352 2274 649 2318 facultatum
682 2274 1021 2329 illiberalitate
1038 2270 1142 2321 orta
1178 2284 1389 2320 notatur.
1423 2274 1545 2335 Leg.
1560 2273 1617 2331 V,
1636 2285 1707 2330 14.
1738 2274 1786 2333 p.
1802 2287 1914 2333 747.
1954 2287 2011 2323 ut
2030 2279 2088 2325 in

254 2340 370 2384 Pol.
383 2340 466 2396 1v,
495 2352 569 2383 ιι.
584 2353 660 2398 ·.·p
671 2341 787 2396 456.
860 2342 998 2403 Quae
1032 2342 1196 2386 omnia
1232 2340 1342 2399 ipso
1361 2338 1581 2404 Aegypti
1602 2305 1864 2401 ²adspectu
1876 2345 2088 2407 cognita

252 2412 318 2447 *et
350 2412 605 2463 comperta
639 2417 747 2449 esse
780 2406 1020 2450 videntur.
1100 2406 1293 2452 Mirum
1329 2413 1461 2451 certe
1495 2404 1692 2452 videtur
1726 2419 1980 2471 nusquam
2015 2412 2088 2460 di-

319 2593 400 2647 *)
433 2597 616 2693 Bentlgi.
650 2581 842 2653 reqions.
886 2599 941 2639 ad
978 2599 1106 2653 Boyl
1123 2612 1167 2652 Ρ.
1191 2610 1285 2655 191.
1329 2601 1396 2642 οδ.
1433 2560 1622 2656 Ῐ..οιιιιοΡ
1652 2623 1709 2633 -
1746 2616 1894 2657 opusc.
1932 2606 2086 2661 philol.

606 2667 622 2693 s

269 2704 274 2708 ἱ
301 2706 304 2709 ⁴
339 2721 432 2776 *ἢ
425 2662 554 2768 1}ng
578 2666 691 2778 Agl
694 2713 845 2773 Leben
871 2727 965 2769 und
996 2720 1222 2788 Schrfien
1250 2744 1295 2774 ιι.
1316 2744 1360 2772 s.-
1367 2743 1419 2772 w.
1449 2745 1547 2789 pag.
1565 2740 1771 2787 22—25.

1806 2850 1889 2911 6*
2011 2817 2033 2839 ³
