2286 2948
943 160 1025 216 22·-
1101 143 1186 224 51⁵
1257 151 1345 197 '-‘=·

228 293 365 340 lebat
404 295 640 340 orationis
693 294 857 347 colore
906 308 1053 350 usus,
1108 295 1341 339 omnibus
1392 293 1518 357 quos
1572 294 1629 341 in
1680 296 1778 343 vita
1820 298 2090 358 habebat‚.

229 360 427 424 agendi,
460 360 658 408 dicendi
689 373 741 407 et
774 378 829 407 se
858 361 1072 425 ‘gerendi
1102 361 1267 408 modis
1305 373 1354 408 et
1386 362 1673 419 rationibus
1703 365 1951 426 insignis,
1988 367 2062 411 ita

226 437 281 472 ut
311 429 475 491 ipsum
509 429 778 474 hominem
805 427 865 474 ad
899 428 1238 480 minutissima
1274 444 1434 494 usque
1474 430 1733 493 depictum
1774 441 1827 476 et
1864 432 2067 494 exhibiff

222 505 328 541 tum
367 498 507 555 quasi
534 497 591 540 in
622 497 819 542 theatro
850 507 1086 560 agentem
1110 497 1295 554 videas,
1332 499 1537 543 Socrate
1563 499 1774 559 insuper
1801 498 2059 560 dialogum
2104 505 2108 509 “

221 563 516 640 plerumque
542 556 756 612 ducente
787 572 836 607 et
869 563 1141 609 disserendi
1176 564 1373 625 copiam
1400 565 1688 643 praebente.
1744 564 1911 618 Plato
1924 565 2059 609 enim

225 635 341 674 non
362 633 476 674 tam
501 630 617 674 stilo
649 639 701 674 et
737 630 929 682 calamo
964 644 1111 688 quam
1146 644 1232 675 ore
1265 640 1314 675 et
1347 642 1475 690 voce
1501 631 1738 692 inprimis
1775 630 2060 676 doctrinam

200 698 371 740 *suam
402 692 888 757 1111ᾶε1εἶεΧΡΙὶεε18
919 704 970 740 et
1005 694 1263 757 divulgare
1298 681 1488 742 studuit
1509 698 1610 757 (cf.
1633 696 1844 742 Phaedr.
1878 712 1926 756 p.
1941 710 2063 756 274.-

211 761 326 820 ‘C.)‚
363 762 432 806 ita
468 761 669 825 quidem
705 772 760 807 ut
803 762 913 823 ipse
949 776 1066 815 cum
1102 762 1407 809 auditoribus
1451 762 1826 823 colloqueretur
1865 773 1918 808 et
1954 758 2063 823 dia-

225 828 334 891 logi
356 839 508 899 'cursu
529 828 606 874 'ita
633 827 824 875 ferente
848 827 908 874 ad
934 842 1088 874 novas
1112 827 1265 886 ideas,
1298 828 1356 874 ad
1384 843 1509 875 nova
1537 828 1893 891 philosophiae
1918 830 2066 891 prin-¹

228 894 359 959 cipia
374 894 678 958 discipulos
721 897 776 941 in
820 894 1071 942 academia
1117 895 1419 956 perduceret.
1493 898 1636 960 Quae
1678 894 1892 943 docendi
1927 898 2055 944 ratio

225 962 283 1006 in
313 962 515 1021 scriptis
552 963 728 1008 eodem
757 962 907 1008 modo
938 962 1178 1006 remansit
1200 962 1312 1006 ideo
1339 963 1532 1007 scilicet
1557 963 1753 1020 calamo
1780 965 2055 1023 conceptis,

226 1017 286 1071 ut
320 1035 384 1071 et
404 1026 670 1099 discipuli
677 1027 860 1073 similia
896 1027 1141 1093 colloquia
1178 1028 1299 1072 olim
1330 1023 1531 1080 habita
1535 1029 1588 1073 in
1625 1030 1923 1075 memoriam
1960 1030 2058 1075 sibi

227 1106 463 1139 revocare
511 1102 562 1138 et
605 1093 692 1157 alii
744 1108 939 1156 quoque
979 1094 1084 1139 illa
1111 1094 1364 1170 percipere
1408 1105 1652 1157 possent.
1709 1099 1802 1142 Ars
1847 1096 2057 1146 mimica

225 1166 490 1235 propterea
536 1175 652 1205 cum
693 1161 911 1207 Platonis
955 1160 1126 1204 indole
1170 1170 1219 1203 et
1259 1162 1364 1219 ipsa
1400 1161 1630 1205 idearum
1665 1161 1891 1206 doctrina
1931 1162 2054 1207 adeo

228 1226 494 1277 coniuncta
540 1241 647 1273 esse
692 1227 908 1285 videtur,
952 1235 1009 1271 ut
1039 1225 1184 1286 quod
1220 1225 1307 1270 illa
1350 1235 1456 1271 arte
1499 1227 1707 1272 omnino
1743 1227 1808 1271 sit
1837 1227 2053 1273 ‘destitu-

226 1299 363 1350 tum,
404 1293 545 1339 nullo
583 1293 734 1339 modo
771 1293 1084 1350 Platonicum
1120 1307 1227 1337 esse
1262 1293 1435 1353 possit.
1473 1293 1536 1339 cf.
1574 1291 2051 1340 Scnxnranmacnnn

227 1357 283 1416 in
314 1360 468 1421 praef.
504 1360 568 1406 ad
599 1361 721 1432 Plat.
775 1375 888 1424 pag.
910 1371 1163 1422 40—41.
1213 1365 1215 1367 ’

362 1495 538 1555 Neque
575 1496 638 1540 in
679 1504 851 1541 nostro
894 1494 954 1540 de
992 1476 1212 1571 Legibus
1253 1494 1382 1539 libro
1417 1502 1573 1539 artem
1607 1493 1862 1540 mimicam
1877 1495 2053 1571 plane

229 1557 588 1621 desideramus,
626 1563 720 1608 etsi
754 1561 896 1609 Astio
930 1577 1044 1624 pag.
1059 1569 1155 1620 389
1187 1561 1258 1606 ita
1297 1561 1459 1606 visum
1493 1561 1573 1605 sit.
1644 1560 1785 1605 Nihil
1819 1561 1919 1605 nisi
1953 1561 2053 1607 hoc

228 1633 402 1672 verum
445 1634 544 1688 est,
591 1628 832 1688 quaedam
872 1645 901 1674 a
944 1629 1137 1689 vulgari
1179 1627 1398 1673 Platonis
1441 1641 1581 1671 more
1617 1627 1878 1686 paululum
1912 1643 2050 1673 rece·-

230 1692 372 1751 dere,
416 1694 470 1738 in
486 1695 683 1754 quibus
718 1703 890 1739 tamen
932 1695 1090 1755 ipsius
1121 1694 1342 1739 Platonis
1387 1693 1654 1738 consilium
1691 1693 1859 1751 potius
1896 1707 2049 1753 quam

227 1759 522 1807 Xenocratis
548 1761 804 1806 cuiusdam
831 1762 1050 1824 rigorem
1075 1760 1222 1805 facile
1243 1771 1529 1822 cognoscas.
1586 1761 1646 1803 In
1672 1758 1868 1820 legibus
1901 1774 2050 1805 verae

232 1826 423 1872 civitati
443 1827 808 1876 conscribendis
836 1843 1079 1886 quaenam
1104 1827 1197 1871 alia
1215 1827 1441 1884 exempla
1472 1826 1610 1869 Plato
1644 1824 1740 1867 sibi
1768 1839 2051 1884 proponere

226 1894 477 1954 potuisset
511 1908 661 1955 quam
694 1893 909 1952 Minois,
944 1893 1163 1955 Lycurgi
1199 1901 1247 1947 et
1282 1890 1511 1937 Solonis?
1582 1892 1762 1936 Nonne
1800 1892 2049 1952 optimum

228 1969 336 2004 erat
358 1959 512 2019 idque
545 1961 751 2007 Platone
790 1959 1138 2021 dignissimum
1173 1958 1456 2016 consilium,
1492 1972 1552 2000 ex
1588 1958 1920 2016 Cretensium,
1954 1960 2049 2003 La-

226 2025 664 2072 cedaemoniorum
693 2036 744 2071 et
769 2025 1153 2071 Atheniensium
1182 2024 1394 2086 legibuS,
1428 2038 1556 2083 quae
1585 2018 1723 2067 solae
1744 2022 1879 2067 inter
1896 2025 2050 2070 Grae-

186 2091 193 2095 ”
231 2105 313 2137 cos
340 2102 490 2137 erant
529 2093 826 2150 celebratae,
866 2091 1068 2153 optimis
1113 2090 1392 2151 quibusque
1435 2088 1701 2148 desumtis,
1745 2103 1898 2135 novas
1942 2105 2060 2138 eas-

229 2174 327 2220 que
361 2160 747 2221 praestantiores
789 2157 1164 2203 conscribendi?
1236 2156 1381 2216 Quod
1425 2155 1695 2201 consilium
1737 2170 1852 2200 cum
1896 2157 2050 2205 solito

228 2224 539 2291 dialogorum
574 2230 714 2271 more
748 2219 1001 2287 persequi
1017 2223 1186 2280 vellet,
1220 2221 1355 2268 nihil
1390 2221 1553 2284 aptius
1590 2230 1712 2281 erat,
1748 2238 1919 2283 quam
1919 2225 2051 2271 Cre-

229 2295 410 2367 tensis,
475 2293 864 2340 Lacedaemonii
906 2301 958 2335 et
1000 2282 1325 2336 Atheniensis
1367 2302 1605 2349 personas
1652 2290 1860 2351 eligere,
1925 2304 2054 2352 quae

230 2370 472 2420 tanquam
522 2374 727 2404 suarum
778 2358 1035 2403 civitatum
1088 2356 1260 2399 vicarii
1319 2364 1369 2398 et
1422 2354 1579 2417 legati
1628 2354 1775 2400 docta
1825 2356 2054 2419 disputa-

189 2442 192 2444 ·
228 2426 368 2471 tione
413 2439 600 2469 novum
636 2424 819 2486 legum
862 2422 1180 2466 ferendarum
1228 2434 1356 2481 opus
1396 2421 1717 2467 conficerent.
1802 2424 1933 2469 Vera
1969 2441 2056 2472 au-

229 2501 334 2537 tem
366 2490 590 2535 virorum
631 2478 888 2534 doctorum
932 2502 960 2531 e
1001 2487 1144 2532 Creta
1192 2496 1241 2531 et
1283 2478 1659 2534 Lacedaemone
1702 2491 1922 2536 nomina
1952 2507 2059 2538 non

184 2559 187 2562 ’
230 2547 447 2606 aderant.
502 2547 756 2621 Quidnam
781 2553 937 2616 igitur
966 2552 1162 2598 Platoni
1190 2562 1448 2614 supererat
1481 2564 1680 2616 praeter
1712 2555 1814 2609 hoc
1848 2567 1906 2603 ut
1939 2560 2059 2606 ficta

228 2622 615 2675 Lacedaemonii
645 2632 695 2669 et
729 2620 977 2668 Cretensis
1013 2621 1220 2667 nomina
1256 2620 1550 2667 adhiberet?
1608 2623 1758 2669 Iam
1754 2639 1818 2669 ne
1854 2635 2056 2681 externa

230 2689 596 2757 probabilitatis
638 2688 828 2752 species
871 2676 1114 2752 neglecta
1150 2703 1261 2735 esse
1303 2687 1583 2750 videretur,
1635 2703 1780 2737 verus
1824 2692 2053 2739 Socrates

235 2776 351 2808 curn
392 2760 618 2822 personis
659 2757 789 2804 fictis
836 2757 1057 2819 colloqui
1100 2770 1205 2803 11011
1255 2757 1446 2819 potuit,
1509 2756 1596 2805 sed
1647 2756 1866 2803 eiusdem
1918 2755 2054 2806 trices

232 2828 424 2892 hospiti
452 2826 752 2877 Atheniensi
782 2825 978 2873 tradere
1007 2840 1100 2890 per
1129 2840 1184 2872 se
1212 2839 1417 2872 necesse
1452 2833 1568 2871 erat.
1625 2824 1869 2871 Personis
1887 2835 2058 2873 autem
2089 2880 2103 2887 ⁴

1680 2887 1771 2948 7*
