2286 2948
936 58 1018 84 ,Ι-
1094 41 1173 102 50
1237 13 1332 82 4-

184 223 187 227 ,
219 176 649 236 contradicendo„
669 170 953 237 colligendo
973 182 1064 220 etc.
1096 169 1154 219 in
1175 171 1465 219 notionibus
1487 168 1852 232 philosophicis
1874 171 2063 223 consti-³

218 245 442 304 tuendis,
480 243 781 307 explicandis
813 249 900 284 aut
930 240 1221 284 refellendis
1252 238 1661 296 versatur,;haec
1692 239 1861 283 omnia
1894 242 2064 305 dispuae

219 312 365 358 tandi
398 322 450 357 et
474 308 762 373 inquirendi
793 307 1004 353 artificia
1031 306 1086 350 in
1115 299 1265 367 opere
1288 306 1348 349 de
1366 305 1589 366 Legibus
1614 304 1784 349 minus
1811 300 2065 364 praeclara

220 379 502 441 proposuit.
558 379 671 424 Non
694 383 827 421 certa
847 373 931 419 hic
953 372 1210 418 invenitur
1239 371 1527 418 dialecticae
1558 370 1798 417 orationis
1823 385 2061 428 consecu-

222 447 317 504 tio,
348 461 453 491 non
470 458 678 490 nervosa
697 443 784 485 illa
802 439 1051 501 probandi
1068 439 1159 497 vis,
1187 453 1290 483 non
1308 440 1722 502 syllogismorum
1738 438 1962 485 cuiusvis
1980 452 2067 501 ge-

224 512 360 558 neris
383 511 542 572 copia,
564 524 665 555 non
684 508 849 570 logica
860 521 1026 551 rerum
1050 502 1468 567 circumscriptio,
1483 504 1819 568 ‘qua-insignis
1839 514 1913 551 est
1924 504 2067 566 Rlato

225 579 283 624 in
317 578 594 624 Theaeteto
632 575 840 634 aliisque
886 572 1114 636 dialogis.
1197 572 1295 619 Sed
1341 588 1463 626 num
1502 565 1616 618 ideo
1654 570 1715 616 ab
1739 570 1919 625 *indole
1955 572 2066 621 Pla·

227 645 397 690 tonica
442 643 570 689 illud
617 642 881 687 abhorrere
916 640 1235 701 putabimus,
1280 654 1344 683 an
1382 637 1552 698 potius
1594 637 1771 699 ipsum*
1802 651 2068 700 argumen-

229 721 340 756 tum
379 710 440 755 ab
478 708 700 754 oratione
736 706 997 753 dialectiea
1036 704 1240 767 'longius
1286 714 1538 750 remotum
1577 719 1686 750 esse
1718 703 2064 756 censebimus?

229 778 291 823 In
326 776 524 839 legibus
563 789 705 820 verae
741 773 933 819 civitati
970 772 1187 818 ferendis
1228 787 1487 833 nunquam
1524 769 1601 817 ars
1647 769 1910 818 dialectica
1943 771 2067 825 insi-

195 893 197 895 ,
228 844 342 908 gnis
363 853 432 888 >et:
465 842 720 904 praeclara
755 839 1061 901 deprehendi
1090 849 1272 902 potest,
1309 855 1434 901 quae
1470 839 1666 886 scilicet
1700 840 1821 886 huic
1857 838 2074 893 consilio

228 913 382 971 plane
427 902 747 970 repugnaret.
792 908 1067 965 „Homines
1112 907 1250 954 enim
1294 922 1396 951 non
1440 907 1834 967 sophismatibus
1874 916 1925 952 et
1963 907 2069 954 dia·

228 976 422 1022 lecticis
459 973 869 1020 distinctionibus
906 972 993 1017 sed
1027 973 1367 1033 persuasione,
1404 974 1531 1019 et.si
1566 988 1689 1034 opus
1725 985 1817 1033 est,
1849 972 2070 1019 iubendo

230 1043 306 1089 ad*
338 1045 478 1105 leges
522 1041 790 1087 servandas
841 1040 1226 1100 compelluntur.
1324 1042 1392 1086 Ut
1443 1040 1659 1102 singulis
1705 1042 1904 1103 legibus*
1943 1040 2072 1087 haec

200 1110 489 1163 ’νουθέτησις
521 1108 874 1167 praemittitur,
907 1106 976 1150 ita
1006 1107 1104 1150 toti
1139 1107 1290 1150 etiarn
1326 1107 1387 1150 de
1422 1107 1641 1167 Legibus
1680 1108 1820 1166 ope-ri
1850 1107 2071 1152 similem

226 1174 615 1234 persuasionem
658 1183 834 1218 auctor
880 1170 1161 1232 praemisitt
1210 1173 1270 1218 cf.
1308 1173 1429 1235 Leg.
1449 1175 1532 1228 IV,
1557 1186 1602 1230 9.
1631 1188 1679 1234 p.
1703 1180 1816 1229 718.
1895 1175 2072 1233 Neque

226 1249 403 1285 tamen
439 1241 494 1284 in
526 1238 934 1301 prioribuslibb.
957 1240 1055 1297 III,
1099 1239 1155 1282 in
1189 1239 1369 1298 quibus
1407 1238 1677 1297 fortitudo,
1721 1239 2071 1301 temperantia,

230 1307 480 1367 sapientia
519 1305 938 1353 commendantur
976 1315 1136 1350 artem
1181 1305 1495 1351 dialecticam
1530 1305 1888 1352 desideramus.
1958 1308 2071 1357 Imo

225 1374 482 1436 permulta
518 1374 705 1435 ubique
746 1372 919 1419 adesse
955 1372 1183 1418 eiusdem
1217 1373 1430 1436 vestigia
1458 1372 1628 1418 levius
1670 1371 1934 1433 paululum
1971 1374 2070 1421 im-

225 1454 427 1502 pressa,
480 1440 665 1485 horum
707 1439 957 1491 librorum
1004 1438 1156 1483 lectio
1202 1440 1320 1498 satis
1374 1439 1552 1484 docere
1612 1438 1786 1496 debet,
1843 1440 1917 1485 sic
1951 1455 1995 1485 v.
2026 1454 2068 1486 c.

225 1506 346 1552 inde
380 1505 441 1551 ab
479 1507 629 1552 initio
664 1505 939 1566 inquiritur
974 1505 1260 1565 dialectice,
1301 1521 1427 1551 num
1468 1506 1584 1561 sola,
1614 1505 1854 1556 fortitudo
1887 1506 2072 1557 bellica

227 1574 412 1619 unicus
444 1574 601 1619 totius
638 1571 972 1635 legislationis
1004 1572 1121 1617 finis
1153 1573 1457 1634 esse‘possit.
1515 1572 1649 1634 Quid
1674 1570 1804 1633 quod
1829 1573 1937 1636 ipse
1968 1571 2072 1619 Cli:

224 1640 337 1685 nias
374 1639 667 1696 dialecticae
704 1639 946 1684 orationis
982 1653 1307 1703 progressum
1337 1638 1592 1684 interdum
1620 1653 1724 1684 non
1754 1639 2081 1700 assequitur?

223 1721 268 1752 v.
296 1722 338 1752 c,
377 1707 559 1770 Leg.1,
597 1720 671 1764 15.
710 1722 759 1767 p.
781 1707 880 1764 644
899 1706 960 1751 D.
1034 1706 1201 1751 Multo
1245 1706 1418 1759 minus
1463 1707 1615 1751 etiam
1656 1705 1924 1751 methodus
1955 1707 2075 1760 dia*

223 1774 407 1833 lectica
444 1774 754 1818 desideratur
788 1788 879 1832 per
913 1781 1075 1816 totam
1111 1771 1173 1815 de
1205 1773 1316 1819 Diis
1354 1772 1752 1832 disquisitionem
1786 1772 1871 1817 lib.
1894 1774 1954 1817 X.
1993 1773 2075 1817 in-'

222 1841 468 1888 stitutam.
549 1840 699 1886 Plura
737 1838 1014 1899 exspectari
1056 1852 1161 1883 non
1204 1848 1440 1901 possunt,
1488 1853 1604 1884 curn
1648 1853 1714 1883 ne
1758 1839 2073 1901 symposium

224 1906 431 1968 quidem
481 1906 707 1966 quamvis
758 1905 821 1949 ad
868 1905 1062 1950 medios
1116 1915 1303 1966 eosque
1355 1920 1476 1966 prae
1520 1906 1729 1950 caeteris
1782 1906 2074 1954 dialecticos

224 1974 450 2020 Platonis
491 1974 714 2034 dialogos
750 1972 1030 2032 pertineat,
1082 1973 1321 2017 orationis
1368 1972 1660 2017 dialecticae
1697 1973 1952 2022 contineat
1985 1988 2073 2019 ve-

225 2041 400 2103 stigia,
440 2040 484 2085 si
520 2040 774 2086 Diotimae
813 2038 876 2084 de
916 2053 1087 2102 amore
1128 2039 1496 2102 expositionem
1530 2039 1818 2101 exceperis?
1843 2065 1912 2075 —-
1951 2042 2071 2088 Ora·

226 2109 383 2151 tionis
414 2106 672 2165 mythicae
701 2105 972 2165 pulchrum
1000 2107 1182 2150 saltem
1208 2107 1351 2151 adest
1382 2106 1672 2167 exemplum
1701 2106 1756 2150 in
1782 2108 2074 2153 narratione

228 2173 290 2219 de
321 2173 525 2221 Saturni
553 2186 712 2235 regno
744 2171 866 2233 Leg.
889 2170 974 2227 IV,
1005 2171 1050 2215 6.
1081 2186 1128 2230 p.
1153 2186 1266 2232 715.
1295 2200 1365 2207 —
1407 2173 1505 2220 Sed
1537 2173 1789 2233 legislatio
1819 2190 1968 2233 quam
1998 2175 2074 2220 di-

233 2250 351 2284 cunt
395 2240 611 2301 positiva
657 2238 718 2283 ab
756 2246 864 2285 arte
908 2235 1175 2282 dialectica
1208 2245 1259 2282 et
1295 2237 1524 2297 mythice
1558 2250 1649 2298 per
1691 2252 1745 2282 se
1790 2241 2073 2286 necessario

228 2306 431 2368 longius
472 2317 549 2353 est
586 2315 793 2352 remota.

379 2440 471 2483 Ars
526 2438 730 2484 mimica
777 2439 1001 2486 Platonis
1052 2437 1255 2504 deinde
1289 2437 1352 2485 ad
1396 2437 1709 2486 dialecticam
1755 2439 2071 2505 dialogorum

227 2505 448 2552 formam
485 2504 817 2567 mitigandam
853 2517 904 2552 et
947 2508 1231 2554 suaviorem
1273 2506 1578 2554 reddendam
1623 2508 1871 2567 adhibita,
1919 2509 1974 2554 in
2013 2524 2073 2564 eo

229 2572 533 2636 praesertim
573 2571 737 2632 posita
777 2581 852 2617 est
897 2583 952 2618 ut
989 2588 1237 2634 personae
1283 2590 1430 2620 verae
1475 2589 1501 2619 e
1549 2576 1907 2621 consuetudine
1952 2577 2075 2624 isto-

229 2656 345 2687 rum
383 2633 675 2701 temporum
716 2637 975 2684 desumtae
1011 2641 1144 2686 inter
1181 2655 1234 2685 se
1272 2643 1638 2707 colloquantur,
1673 2642 1742 2686 ita
1780 2634 1979 2702 quidem
2015 2653 2074 2689 ut
2130 2668 2132 2670 ·

225 2708 460 2774 singulus
505 2703 721 2771 quisque
742 2725 745 2728 >
766 2720 882 2753 suas
921 2706 1086 2770 ipsius
1132 2708 1403 2756 sententias
1438 2708 1683 2773 proferat,
1728 2724 1819 2757 suo
1856 2711 1956 2775 quo
1992 2725 2073 2765 soff·
