2286 2948
946 69 975 86 ’ς
1075 60 1160 137 45
1303 79 1306 83 -

930 100 1010 115 ——,
1233 97 1307 113 1-

198 201 424 263 Platonis
447 207 673 261 'lectores
708 218 757 256 et
774 206 1117 276 interpretes,
1149 209 1382 258 Iidealem
1416 196 1605 263 *harum
1640 212 1818 262 rerum,
1835 212 2036 261 'statum

202 296 313 328 non
356 280 707 344 respicienteS,
758 275 926 339 ipsum
970 279 1231 325 Platonem
1272 277 1567 323 miserrimis
1604 275 2037 329 criminationibus

201 350 557 411 perstrinxisse
584 345 837 392 videmus?
909 344 1006 390 Sed
1037 353 1231 403 certum
1263 344 1417 390 etiam
1448 343 1603 388 'huius
1639 343 1721 402 rei·
1746 344 2039 405 exemplum

202 416 455 472 habemus
495 416 551 459 in
586 411 937 471 Aristophanis
974 411 1342 469 ecclesiazusis,
1388 411 1477 470 qui
1518 411 1852 473 Praxagoram
1899 409 2040 456 veste

207 481 352 531 virili
386 481 614 526 indutam
648 477 820 538 fingit,
860 475 1246 522 Atheniens-ium
1288 476 1428 538 plebi
1471 475 1790 534 suadentem,
1834 483 1892 520 ut
1934 475 2040 521 foe-

196 548 362 592 aminis
406 547 482 591 rei
521 543 751 605 publicae
793 539 1040 604 gerendae
1087 558 1204 588 cura
1237 544 1485 600 tradatur,
1530 551 1586 586 ut
1618 542 1865 587 bonorum
1885 547 2038 588 vcom·

209 612 389 659 munio
426 613 543 667 fiat,
578 617 636 654 ut
667 622 845 655 uxores
881 608 1116 654 omnibus
1150 611 1438 671 promiscue
1464 607 1584 655 viris
1619 608 1700 653 sui
1734 607 1930 670 copiam
1964 607 2039 655 fa·-

210 680 349 727 ciant
394 688 445 723 et
486 677 631 737 plura
667 674 957 720 huiusmodi
999 675 1140 720 novis
1186 674 1382 737 legibus
1424 674 1766 720 instituantur.
1847 674 2041 721 Aristo-

209 747 404 809 phanes
437 744 547 805 ips‘e
585 740 764 787 melius
794 740 1005 787 fortasse
1039 741 1131 788 has
1170 756 1248 787 res
1286 740 1617 804 perspiciens,
1660 740 1820 803 plebis
1857 741 2041 788 animis

211 822 347 859 certe
373 811 429 855 in
456 811 552 854 hac
582 824 636 853 re
663 807 889 866 indulsit.
951 809 1046 854 Sed
1075 823 1245 854 nonne
1274 810 1397 853 alios
1428 809 1579 853 etiam
1609 805 1794 868 eosque
1819 810 2039 856 maxime

208 879 410 939 iniquos
446 876 630 922 harum
664 887 830 919 rerum
865 888 1090 920 rumores
1131 876 1187 921 in
1215 875 1325 923 foro
1368 884 1418 920 et
1450 875 1646 921 theatro
1681 875 1895 938 agitatos
1929 890 2040 921 esse

210 943 531 1005 putabimus,
584 949 699 1000 post
738 940 972 986 Politiam
1015 941 1309 1002 praesertim
1353 941 1543 1002 publici
1583 941 1708 986 iuris
1755 939 2038 1000 factam?*)

210 1012 357 1056 Tunc
391 1004 723 1068 philosophus
767 1020 832 1049 ne
866 1005 923 1050 hi
957 1021 1183 1052 rumores
1217 1006 1380 1067 iniqui
1408 1016 1477 1051 'et
1513 1007 1673 1066 inepti
1707 1008 1856 1052 latius
1892 1022 2040 1072 vaga-

210 1085 388 1120 rentur
421 1073 659 1119 facillime
699 1072 985 1131 permoveri
1023 1073 1188 1133 potuit
1221 1082 1278 1118 ut
1322 1072 1508 1117 omisso
1544 1085 1635 1132 pro
1671 1081 1899 1132 tempore
1934 1073 2040 1120 Cri-

210 1142 314 1186 tiae
352 1150 404 1184 et
440 1137 781 1198 Hermocratis
816 1138 1117 1196 perficiendi
1143 1138 1352 1183 consilio
1381 1138 1443 1183 ad
1476 1139 1638 1199 Leges
1673 1138 1956 1184 scribendas
1984 1153 2041 1184 se

209 1207 521 1269 accingeret,
554 1201 732 1263 quibus
762 1216 1026 1266 perperam
1061 1204 1212 1268 vulgo
1247 1203 1506 1266 utriusque
1543 1202 1758 1251 civitatis
1793 1203 2041 1264 rationem

209 1271 511 1336 permisceri
545 1269 761 1315 doceret.
1159 1293 1163 1298 ›

347 1392 606 1455 Siquidem
648 1391 807 1452 igitur
849 1402 1081 1457 externae
1126 1392 1258 1439 forte
1291 1392 1508 1439 rationes
1550 1393 1812 1441 Platonem
1847 1393 2041 1453 aeref

211 1476 301 1526 ges
347 1457 729 1506 conscribendas
774 1469 1153 1519 permoverunt,
1208 1460 1342 1505 inter
1383 1460 1537 1520 primi
1582 1460 1771 1522 ordinis
1814 1461 2039 1523 dialogos

209 1528 309 1573 hae
340 1526 514 1572 referri
548 1537 652 1570 non
685 1534 908 1585 possunt.
981 1527 1042 1576 In
1070 1525 1150 1570 his
1188 1526 1568 1589 enimdialogis
1599 1526 1742 1572 ideae
1776 1527 1896 1573 illae
1924 1526 2040 1589 phi-

196 1594 474 1655 losophiae
499 1591 783 1653 platonicae
809 1602 1057 1650 aeternae,
1089 1593 1231 1641 nulla
1255 1603 1460 1638 externa
1488 1608 1635 1638 causa
1662 1595 1885 1652 iubente,
1922 1602 2041 1651 sunt

209 1675 473 1723 expressae
520 1668 570 1704 et
614 1656 838 1712 traditae.
912 1660 973 1704 In
1005 1659 1117 1706 istis
1153 1659 1275 1705 solis
1315 1675 1510 1706 summa
1544 1659 1899 1722 philosophiae
1932 1661 2039 1720 pla-

207 1727 433 1786 tonicae,
480 1725 695 1771 externis
733 1734 785 1770 et
828 1725 1048 1770 fortuitis
1092 1725 1285 1771 casibus
1321 1740 1426 1777 non
1459 1725 1690 1773 admixtis
1725 1725 2036 1788 perspicitur.

208 1797 375 1857 Leges
394 1809 511 1846 vero
530 1802 663 1849 sunt,
694 1801 752 1837 ut
769 1793 838 1837 ita
857 1791 1039 1848 dicam,
1069 1807 1193 1852 opus
1225 1792 1686 1849 extraordinarium,
1724 1793 1903 1852 quibus
1921 1807 2041 1838 con-

207 1860 487 1908 scribendis
505 1869 708 1904 externa
730 1858 973 1918 quaedam
996 1859 1191 1903 occasio
1211 1859 1421 1904 fortasse
1438 1858 1537 1911 fuit
1571 1858 1753 1916 oblata,
1790 1873 2041 1919 quaenon

207 1943 301 1991 per
339 1940 404 1973 se.
437 1926 574 1973 solae
613 1924 750 1970 ideas
796 1939 970 1971 omnes
1009 1925 1240 1987 politicas
1286 1925 1553 1981 absolutas,
1578 1935 1628 1971 et
1664 1925 1910 1987 perfectas
1938 1934 2040 1985 tra-

209 1996 359 2053 dunt,
402 1994 490 2047 sed
518 1991 756 2053 ‚quaead
797 1992 1009 2055 Politiae
1050 1991 1186 2037 ideas
1231 2001 1351 2037 sunt
1393 1991 1685 2036 referendae
1730 1991 1907 2055 iisque
1931 2001 2042 2051 tan-

211 2076 360 2123 quam
395 2059 791 2107 additamentum
827 2056 1197 2122 adiungendae,
1238 2058 1307 2105 ita
1346 2067 1517 2107 tamen
1551 2068 1609 2104 ut
1642 2070 1760 2105 non*>
1780 2059 2042 2120 utriusque

210 2129 375 2189 operis
407 2127 542 2173 ratio
579 2140 840 2185 perperam
873 2126 1228 2185 confundatur,
1275 2125 1368 2184 sed
1398 2135 1456 2170 ut
1496 2126 1756 2186 doceatur,
1794 2124 2042 2187 quomodo

212 2195 352 2239 ideae
383 2209 505 2253 quas
541 2191 723 2238 Politia
760 2189 1001 2244 continet,
1033 2204 1206 2248 reapse
1232 2194 1289 2233 in
1319 2207 1434 2236 vera
1462 2192 1662 2238 civitate
1693 2193 1917 2236 adhiberi
1950 2193 2043 2236 ho-

214 2261 510 2321 minumque
545 2257 662 2304 usui
696 2255 856 2319 aptari
887 2253 1097 2317 possint.
1168 2253 1473 2303 Huiusmodi
1504 2268 1655 2317 opera
1687 2259 1890 2308 externa
1924 2253 2043 2320 qua-

310 2475 358 2531 ¹⁸‘)
386 2475 690 2527 Aristophanis
721 2476 1023 2517 ecclesiazueas
1057 2475 1175 2515 circa
1208 2474 1264 2517 ol.
1282 2483 1349 2529 97.
1377 2486 1485 2518 ente
1517 2475 1720 2518 Politiam
1749 2478 2045 2532 conscriptam

385 2530 604 2584 prodiisse
639 2532 868 2587 probabile
913 2530 1090 2584 quidem
1138 2540 1224 2580 est,
1274 2531 1381 2583 (vid.
1408 2533 1678 2585 Pitumnum
1720 2531 1775 2577 ad
1809 2533 1978 2574 eccle⁸.'
2000 2548 2043 2574 v.
2069 2547 2079 2554 ⁴

388 2590 513 2635 1018.
559 2585 627 2624 ed.
669 2586 801 2625 Kiisr.
845 2596 1002 2641 p.215.
1071 2586 1262 2626 Biumcx
1293 2588 1508 2641 Aristoph.
1546 2597 1650 2639 tom.
1665 2587 1723 2627 11.
1761 2596 1853 2629 not.
1891 2600 1934 2640 p.
1960 2591 2049 2644 ¹4.)

384 2641 465 2683 ted
497 2649 626 2693 poeta
655 2639 911 2679 huiusmodi
938 2640 1155 2692 paradoxa
1191 2642 1371 2692 politica
1411 2656 1464 2684 ex
1494 2643 1687 2695 publicis
1726 2641 2046 2687 Socraticorum

351 2744 354 2747 ‚
383 2706 429 2739 et
464 2696 836 2742 Academicorum
873 2695 1239 2748 disputationibus
1257 2747 1261 2751 ι
1278 2707 1322 2739 et
1350 2698 1561 2744 doctrinis
1588 2699 1680 2742 iam
1708 2703 1811 2750 ante
1843 2696 2045 2741 Politian

383 2753 682 2806 conscriptam
713 2752 942 2806 percipere
978 2750 1131 2803 potuit.
