2286 2948
950 78 1465 194 ssfissff'-

223 267 355 313 fictis
392 266 635 315 adhibitis
662 268 783 329 quin
818 265 1037 312 maxima
1065 265 1187 309 artis
1220 262 1455 309 mimicae
1484 274 1599 321 pars
1634 258 1780 318 desit,
1819 264 1931 310 fieri
1964 278 2074 312 nom

224 343 405 395 potest.
480 337 555 382 Ea
590 346 785 381 tanturn
823 341 1079 394 superest,
1118 346 1245 391 quae
1280 331 1335 374 in
1371 325 1668 374 exhibendis
1701 326 1916 373 istarum
1951 333 2070 379 civi-

225 411 390 446 tatum
423 405 669 460 moribus,
706 401 885 446 ritibus
922 409 971 443 et
997 399 1213 442 externis
1240 396 1430 453 usibus,
1467 393 1667 440 dicendi
1703 403 1752 438 et
1781 393 1986 457 agendi
1996 411 2073 442 ra-

224 469 453 513 tionibus
492 480 729 545 veisatur,
767 477 821 512 ut
857 476 1020 513 certae
1050 465 1264 508 civitatis
1302 462 1435 513 cives
1474 476 1584 506 esse
1615 470 1902 523 appareant.
1972 463 2084 518 Neq-

229 550 329 597 que
364 535 497 584 hanc
530 536 764 583 mimicae
799 534 917 580 artis
953 541 1147 594 partem
1184 531 1240 576 in
1274 528 1418 575 libro
1437 538 1611 576 nostro
1648 529 1933 592 neglectam
1965 542 2083 587 esse.-

230 602 489 660 videmus3
547 604 651 648 imo
690 617 815 663 quae
866 600 928 646 ad
964 598 1333 661 designandum
1369 606 1420 642 et
1455 596 1840 642 describendum
1878 592 2075 659 Cretae,

235 669 444 731 Spartae
491 680 540 716 et
576 669 885 716 Athenarum
931 667 1096 714 civem
1138 666 1418 728 pertinent,
1463 678 1725 726 nunquam
1770 674 1890 712 sunt
1930 680 2078 727 prae«

237 737 487 785 termissa
784 766 786 769 v

375 805 573 864 Hospes
620 798 940 850 Atheniensis
987 801 1237 860 colloquio
1284 798 1578 845 deducendo
1627 808 1881 867 praeest,
1905 788 2075 859 neque

237 872 553 936 argumentis
586 887 710 932 opus
748 880 847 928 est,
895 869 1073 929 quibus
1118 868 1265 912 illum
1306 881 1505 928 semper
1540 866 1605 911 in
1633 858 1881 925 docendo
1889 875 1944 917 et
1975 865 2076 913 dis-

238 937 453 980 serendo
500 938 825 987 Atheniensis
871 945 1049 999 partes
1083 950 1230 999 agere
1274 934 1526 995 probetur.
1599 922 1844 1004 Quisnam
1883 935 1950 980 sit
1983 934 2077 979 ille

235 1000 420 1064 hospes
453 1004 636 1050 frustra
678 1004 962 1080 quaesitum
999 1012 1089 1048 est.
1162 1003 1416 1048 Socratem
1451 996 1700 1047 intellexit
1730 1003 1933 1048 Aristot.
1949 1002 2076 1063 pol

238 1068 303 1124 II,
333 1084 378 1131 4.
407 1086 456 1146 p.
480 1085 558 1127 77.
574 1104 588 1129 ,
625 1072 712 1130 qui
747 1085 1004 1130 nunquam
1031 1056 1232 1113 tamen
1237 1070 1292 1112 in
1326 1069 1493 1115 insula
1529 1069 1675 1114 Creta
1701 1069 1878 1127 adfuit,
1912 1083 2080 1129 neque

240 1148 331 1178 cur
376 1139 483 1180 eius
527 1151 716 1181 nornen
749 1132 1110 1181 dissimuletur
1153 1135 1515 1196 intelligimus,
1571 1135 1632 1178 cf.
1678 1136 1881 1180 Boacxu
1922 1152 1970 1195 p.
1993 1150 2075 1192 70.

237 1200 339 1245 Alii
373 1212 428 1246 ut
464 1202 566 1246 Cic.
606 1201 666 1247 de
705 1203 804 1266 leg.
827 1204 867 1261 1,
889 1216 934 1259 3.
974 1201 1036 1246 de
1054 1202 1196 1247 sztz
1231 1216 1343 1264 pag.
1375 1215 1482 1259 125.
1525 1202 1581 1246 N.
1606 1215 1652 1259 4.
1704 1201 1872 1278 ipsum
1914 1200 2079 1248 Plato·

237 1269 784 1329 nem-intellexerunt,
829 1284 995 1328 neque
1037 1268 1151 1312 hic
1165 1278 1337 1313 tamen
1377 1279 1504 1315 tunc
1536 1268 1775 1328 temporis
1820 1269 1876 1312 in
1912 1269 2081 1317 insula

240 1329 400 1380 Creta
426 1343 651 1381 versatus
685 1346 775 1391 est.
848 1337 960 1381 Imo
997 1344 1177 1380 neuter
1210 1335 1420 1381 omnino
1455 1344 1530 1381 est
1564 1334 1952 1400 intelligendus3
1991 1335 2082 1391 sed

180 1392 195 1416 ¹
238 1412 296 1446 ut
336 1403 532 1448 Cliniae
567 1413 617 1448 et
660 1404 864 1466 Megilli
900 1403 970 1447 ita
1005 1402 1132 1448 haec
1173 1418 1374 1464 quoque
1415 1404 1563 1448 sicta
1572 1413 1648 1448 est
1690 1418 1927 1464 persona,
1974 1400 2081 1452 non

196 1476 198 1479 '
239 1469 301 1514 ad
344 1479 538 1515 certum
585 1471 847 1547 quendam
879 1471 1041 1514 virum
1080 1470 1396 1528 referenda,
1416 1470 1497 1515 cui
1540 1471 1685 1515 Plato
1721 1480 1785 1515 ut
1822 1471 1943 1517 alibi
1990 1473 2082 1517 So-

197 1536 199 1540 ’
244 1537 368 1580 crati
405 1552 542 1583 nunc
585 1552 700 1582 suas
751 1537 912 1598 ipsius
959 1537 1232 1582 sententias
1278 1536 1598 1598 explicandas
1643 1547 1695 1581 et
1724 1537 2010 1593 ¹edocendas
2029 1536 2081 1599 *)

242 1602 390 1649 dedit.
468 1606 631 1666 Quam
670 1620 776 1649 rem
810 1605 912 1650 iam
947 1604 1079 1649 bene
1113 1604 1242 1649 vidit
1280 1604 1539 1666 Diogenes
1573 1605 1833 1650 Laertius:
1879 1606 1962 1649 εἰσι
1995 1607 2084 1649 δὀἱ

243 1675 377 1724 ξένοι»
396 1675 567 1727 οὐχ’ὥς
593 1687 706 1723 τινες
732 1676 972 1731 ὑπέλαβον
1005 1676 1211 1720 Πλάτων
1239 1676 1320 1719 καὶ
1354 1675 1798 1732 Παρμενίδηςιάλλὰ
1831 1675 2084 1731 πλάσματα

242 1749 351 1791 εἰσιν
383 1748 615 1803 ἀνώνυμα
657 1749 806 1814 Diog.
840 1751 1006 1796 Laert.
1035 1752 1126 1808 III,
1154 1761 1260 1808 52.,
1305 1765 1456 1809 quam
1501 1764 1609 1794 rem
1653 1748 1834 1793 deinde
1876 1750 2084 1810 repetiit

243 1816 421 1861 Suidas
459 1817 511 1860 in
551 1831 657 1861 voc.
698 1818 922 1872 δόγματα.
996 1819 1106 1863 Hoc
1142 1817 1253 1861 loco
1292 1817 1429 1861 enim
1465 1818 1508 1860 si
1533 1831 1631 1876 quo
1659 1815 1757 1860 alio
1786 1817 1920 1862 valet
1947 1816 2082 1877 quod

238 1882 718 1929 SanEYERMAcuEn
759 1884 790 1928 l.
814 1884 843 1928 1.
884 1899 998 1948 pag.
1024 1898 1087 1943 29
1125 1884 1347 1942 monuit,
1393 1884 1608 1930 Socratis
1645 1884 1989 1930 auctoritatem
2023 1883 2083 1931 in

239 1951 438 1996 ultimis
474 1952 695 1997 Platonis
732 1950 970 2013 dialogis,
1023 1962 1136 2013 post
1181 1952 1339 2012 ipsius
1381 1952 1598 1997 Socratis
1634 1961 1847 1998 mortem
1890 1952 2084 2015 longis-

240 2018 371 2070 sime
425 2019 724 2079 conscriptis
784 2020 1053 2078 paullatim
1104 2034 1413 2064 evanescere.
1513 2020 1712 2079 Hospes
1760 2019 2085 2066 Atheniensis

202 2090 213 2092 “
240 2096 498 2145 praeterea
537 2095 592 2129 ut
622 2085 809 2130 Clinias
843 2101 1044 2146 quoque
1071 2094 1120 2130 et
1147 2086 1415 2147 Megillus,
1447 2100 1600 2131 senex
1634 2085 1921 2145 exhibetur,
1960 2102 2004 2132 v.
2037 2101 2082 2135 ει

199 2192 204 2196 .
247 2164 345 2201 ταῖς
373 2158 573 2212 ἡλικίαις
600 2158 772 2207 πρέπον
802 2155 861 2195 ἄν
888 2155 1021 2208 ἡμῶν
1048 2155 1116 2210 εἴη
1146 2160 1195 2197 τὸ
1223 2155 1595 2198 διαναπαύεσθαι
1612 2157 1769 2201 πυκνὰ
1789 2159 1838 2201 ἐν
1858 2165 2081 2214 σκιαραῐς.

247 2233 350 2286 Leg.
370 2231 414 2281 I,
446 2241 479 2270 1.
513 2240 555 2280 p.
574 2224 673 2280 625.
700 2226 749 2266 B.
801 2226 1046 2276 τηλικοῑςδε
1097 2225 1296 2276 ἅνδρασι
1326 2229 1383 2277 »1,
1408 2239 1449 2282 7.
1471 2242 1517 2280 p.
1532 2226 1631 2283 ⁶34·
1657 2229 1705 2269 C.
1753 2224 1883 2269 ἕνεκα
1924 2232 2084 2284 γήρως

248 2303 458 2360 ἀφείμεθ’
478 2299 570 2344 ὑπὸ
599 2301 683 2341 τοῦ
712 2297 966 2351 νομοθέτου
989 2296 1295 2350 διαλεγόμενοι
1323 2301 1361 2347 Ι,
1383 2312 1421 2355 7.
1436 2300 1645 2354 p.635.A.
1673 2299 1727 2338 τὸ
1756 2299 1806 2340 δὲ
1837 2303 1931 2343 τῶν
1959 2316 2086 2358 npet-

251 2378 459 2434 βυτέρων
479 2378 613 2430 ἡμῶν
633 2385 692 2407 -“-
715 2373 869 2427 ἐπειδὴ
897 2372 948 2415 τὸ
979 2373 1094 2425 παρ’
1121 2373 1229 2426 ἡμῖν
1258 2372 1378 2426 ἡμᾶς
1404 2369 1614 2427 ἐλαφρὸν
1639 2369 1828 2415 ἐκλείπει
1853 2378 1941 2418 νῦν
1966 2381 2023 2433 11,
2040 2393 2083 2440 4.

251 2471 290 2511 p.
303 2453 401 2509 657.
414 2448 469 2492 D.
505 2453 586 2503 ΠΙ,
604 2451 643 2494 6.
662 2467 700 2506 p.
714 2450 811 2508 685.
830 2453 884 2492 A.
912 2448 1019 2492 κᾶθ’
1048 2448 1232 2504 ἡλικίαν
1258 2446 1357 2503 γὰρ
1387 2446 1477 2494 ὀξὺ
1503 2446 1680 2500 βλέπεις
1706 2450 1781 2501 IV,
1801 2463 1840 2508 Ζ.
1861 2463 2007 2510 p.715.
2025 2459 2083 2499 D.

253 2522 507 2575 ἄν’γήρως
542 2519 853 2573 ἐπικρατῶμεν
886 2522 962 2572 VI,
995 2532 1029 2562 1.
1058 2534 1100 2575 p.
1121 2529 1217 2577 752.
1239 2520 1286 2560 A.
1324 2516 1355 2570 ἦ
1387 2516 1660 2571 πρεσβυτῶν
1694 2518 2086 2586 ἔμφρωνπαιδίᾳ

250 2594 337 2650 VI,
366 2604 439 2672 i4.
461 2606 508 2649 p.
526 2589 639 2644 769.
660 2591 717 2632 Α.
789 2590 951 2634 Causa
987 2599 1063 2634 est
1096 2589 1151 2634 in
1187 2586 1382 2649 aprico3
1423 2587 1484 2633 de
1518 2587 1665 2633 rebus
1699 2589 1918 2649 politicis
1951 2596 2089 2643 enim

336 2712 390 2765 *)
421 2709 521 2752 Ath.
558 2704 686 2748 ἀλλὰ
721 2705 816 2758 χρὴ
843 2709 980 2749 πὀιεῖν
1006 2704 1173 2757 οὕτως,
1210 2706 1332 2759 ὑμᾶς
1358 2722 1404 2750 τε
1432 2706 1504 2750 ἐπὶ
1532 2710 1592 2750 τὸ
1609 2710 1777 2761 μαὲεὲν
1803 2710 1882 2751 καὶ
1911 2712 1934 2753 ἐ
1930 2714 1985 2763 μὲ
2012 2715 2088 2758 ἐπὶ

420 2768 493 2867 {a}
501 2764 744 2879 (ξλόσῖζαὲ
748 2760 1019 2815 πειρωμενον
1046 2761 1329 2817 ἀμωσγέπως
1352 2766 1586 2848 ξυντεῖναι
1615 2764 1702 2813 τὸν
1723 2764 1878 2870 λόγον
1924 2772 2086 2831 Leg.1,
