2286 2948
901 77 976 108 2..-
1055 64 1142 134 38.
1210 76 1286 108 a·

174 203 338 248 aliena
364 217 481 249 ⁴esse
521 204 690 264 debet,
722 197 779 250 ut
823 193 1028 251 omnem
1067 192 1377 268 antiq‘uit'atis
1408 191 1758 262 auctoritatem
1794 207 2020 257 in'e'iusss

171 270 308 316 modi
354 271 504 319 rebus
550 273 801 319 historicis
850 282 1175 318 contemnere
1223 289 1327 319 non
1375 270 1477 318 nisi
1521 273 1747 318 internis·
1781 275 2019 323 omnibus

172 338 456 388 rationibus
495 341 695 404 egregie
730 340 1051 387 suadentibus
1090 335 1263 432 utique
1298 340 1365 386 sit
1399 339 1728 402 pimobandum

316 476 426 525 Iam
461 492 576 522 vero
605 485 801 522 nostros
833 475 894 521 de
920 474 1145 538 Legibus
1162 444 1333 522 libros
1364 476 1535 537 ipsum
1560 475 1821 532 Platonem
1851 447 2024 522 aucto·

170 537 286 588 rem
317 542 570 603 habuisse,
601 543 887 592 communis
907 551 971 588 et
978 552 1212 589 constans
1246 553 1323 589 est
1348 543 1503 591 totius
1531 543 1842 604 antiquitatis
1868 543 2024 603 fama,

179 623 307 669 quae
342 611 386 656 si
414 611 540 657 falsa
560 621 708 671 esset,
741 610 1021 657 mirabilius
1059 625 1182 656 sane
1219 612 1348 655 foret
1376 608 1670 669 paradoxon
1704 609 2023 668 historicum,

180 677 324 722 nullo
361 679 466 723 fere
508 680 737 724 acumine
774 677 1139 740 exputandUm‚
1184 693 1210 722 a
1246 676 1469 737 mythica
1514 685 1716 738 utpote,
1756 693 1884 740 quae
1917 678 2024 724 Ho-

176 757 373 789 merum
405 746 590 806 premit
621 746 925 805 obscuritate
949 745 1247 807 longissime
1280 750 1543 803 remotum.
1581 746 1853 791 Fraudem
1884 744 2025 795 enim

180 813 412 855 consulto
449 815 695 890 agitata-m
725 824 776 858 et
811 802 1078 870 admissam
1116 812 1236 857 huic
1268 812 1398 856 libro
1434 821 1513 856 tot
1549 812 1744 874 gloriae
1775 821 1826 856 et
1853 812 2023 872 splen-

177 875 312 921 doris
357 878 589 925 laudibus
633 881 824 942 insigni
869 880 1092 925 alienum
1135 894 1324 925 nomen
1372 878 1731 940 praetexisse,
1746 878 2025 926 humanam

179 958 385 991 omnem
422 947 829 1007 probabilitatem
861 948 1015 1008 longe
1053 946 1291 993 excedere
1327 945 1536 992 videtur.
1865 969 1871 973 ·

318 1080 417 1125 Sed
463 1097 600 1128 error
633 1084 793 1129 semel
836 1092 972 1130 ortus
1008 1083 1065 1128 in
1101 1083 1406 1129 immensum
1446 1096 1595 1146 saepe
1629 1080 1948 1140 extenditur,⁴
1976 1091 2028 1127 et

179 1146 384 1207 antiqua
418 1149 531 1194 vina
572 1159 623 1195 et
662 1151 798 1207 vitia,
834 1159 891 1195 ut
927 1165 1042 1208 curn
1080 1151 1262 1196 Wolfio
1292 1150 1484 1226 loquar,
1518 1150 1658 1195 iuxta
1691 1162 1840 1210 saepe
1875 1146 2026 1194 aesti-

178 1223 396 1258 mantur.
470 1216 647 1262 Minus
680 1217 838 1280 igitur
867 1217 1024 1262 totius
1063 1217 1374 1283 antiquitatis
1410 1216 1542 1261 fama
1574 1229 1670 1261 nos
1704 1230 1908 1261 movere
1940 1214 2024 1270 de-

177 1279 288 1338 bet‚
328 1295 479 1341 quam
515 1284 624 1329 sola
659 1283 946 1346 aequalium
982 1283 1206 1329 Platonis
1243 1283 1506 1329 sententia.
1578 1284 1718 1330 Inter
1753 1297 1879 1344 quos
1905 1296 2028 1344 prae

183 1349 393 1394 caeteris
429 1351 666 1396 omnibus
704 1360 754 1396 et
788 1351 1009 1414 ingenio
1041 1361 1091 1396 et
1123 1351 1333 1412 operum
1370 1350 1532 1396 adhuc
1568 1360 1878 1396 servatorum
1916 1351 2027 1413 glo-

176 1415 252 1459 ria
286 1415 479 1461 eminet
512 1418 824 1477 Aristoteles,
860 1433 958 1462 usu
995 1426 1046 1462 et
1084 1418 1451 1464 consuetudine
1485 1417 1681 1463 Platoni
1718 1417 2026 1463 coniunctis·

105 1496 108 1502 ¹
178 1482 360 1542 simus,
406 1484 462 1529 in
499 1485 641 1530 cuius
678 1486 976 1531 auctoritate
1013 1484 1137 1530 fides
1164 1485 1419 1533 librorum
1455 1484 1828 1545 platonicorum
1862 1484 2029 1546 posita

176 1549 268 1607 sit,
300 1564 509 1596 necesse
546 1562 635 1598 est.
711 1553 972 1599 Genuinos
1011 1552 1147 1597 enim
1185 1553 1409 1599 Platonis
1447 1552 1673 1616 dialogos
1711 1562 1886 1598 omnes
1920 1552 2028 1597 fere

119 1642 121 1645 <
175 1616 238 1660 ab
284 1617 375 1663 illo
421 1629 726 1665 memoratos
781 1630 832 1666 et
877 1630 1235 1682 argumentum
1280 1636 1457 1666 eorum
1501 1621 1690 1677 passim
1742 1629 2029 1665 enarratum
2060 1666 2069 1668 -

173 1684 477 1731 invenimus.
572 1687 664 1732 Vel
717 1687 1003 1744 Aristotelis
1036 1687 1205 1751 igitur
1256 1687 1604 1733 testimonium
1655 1686 1816 1732 valere
1863 1686 2027 1745 debet,

178 1752 258 1795 vol
307 1752 369 1796 de
418 1754 517 1798 fide
565 1764 614 1798 et
662 1756 958 1800 auctoritate
1011 1755 1256 1799 librorum
1307 1755 1678 1816 platonicorum
1725 1753 2029 1799 invenienda

174 1818 328 1877 plane
379 1830 455 1865 est
501 1820 883 1882 desperandum.
974 1823 1154 1883 Spreto
1203 1822 1340 1867 enim
1383 1821 1666 1873 Aristotelis
1711 1821 1900 1866 iudicio
1943 1820 2030 1870 vix

178 1886 372 1946 aliquid
409 1898 652 1948 superest,
690 1888 825 1933 unde
863 1889 982 1950 quid
1021 1889 1334 1935 Platonicum
1372 1890 1440 1934 sit
1474 1904 1570 1934 nec
1605 1903 1671 1933 ne
1704 1888 1864 1950 possit
1899 1886 2028 1933 diiu-

178 1952 349 1999 dicari.
408 1956 524 2001 Sola
557 1957 694 2001 enim
723 1957 920 2002 indoles
949 1957 1204 2003 Platonica
1233 1973 1324 2019 per
1359 1973 1415 2002 se
1442 1956 1573 2002 nihil
1602 1958 1815 2018 probare
1841 1965 2031 2018 potest,

178 2034 305 2079 quae
346 2022 455 2083 ipsa
495 2024 689 2068 scilicet
725 2040 785 2069 ex
820 2024 959 2069 libris
996 2033 1192 2070 tantum
1232 2035 1438 2070 externa
1483 2024 1780 2084 auctoritate
1815 2022 2030 2068 firmatis

182 2089 416 2151 cognosci
457 2099 637 2149 potest.
721 2093 819 2152 Qui
861 2091 993 2137 orbis
1032 2091 1156 2138 ἶιιᾶθ
1198 2093 1435 2138 existeret
1475 2092 1746 2153 probandi,
1797 2091 1841 2135 si
1876 2090 2030 2146 libro÷

182 2169 295 2200 rum
338 2156 491 2201 fidem
531 2172 557 2202 a
596 2158 823 2234 genuino
866 2158 1089 2201 Platonis
1134 2174 1276 2203 more
1321 2169 1372 2204 et
1417 2161 1610 2217 colore,
1662 2158 1801 2204 hunc
1841 2158 2030 2203 iterum

184 2236 244 2266 ex
270 2223 399 2269 veris
432 2226 651 2270 auctoris
686 2224 824 2270 libris
862 2232 1089 2284 repetere
1125 2233 1175 2269 et
1210 2223 1435 2268 derivare
1466 2226 1727 2269 vellemus.
1796 2225 1906 2268 Nisi
1932 2224 2031 2286 igi-

181 2297 265 2332 tur
300 2291 583 2337 Aristotelis
619 2292 676 2338 in
711 2292 811 2338 hac
843 2306 896 2337 re
927 2290 1171 2336 iudicium
1207 2290 1548 2353 probaveris,
1575 2290 1774 2335 nullum
1805 2303 2030 2353 unquam

182 2366 354 2402 nostro
395 2359 627 2420 ipsorum
666 2360 862 2407 iudicio
910 2369 1106 2407 certum
1149 2357 1542 2406 fundamentum
1583 2358 1792 2404 subesse
1825 2358 2026 2429 poterit.

286 2491 580 2538 Aristoteles
622 2509 713 2556 per
752 2491 937 2558 viginti
982 2509 1139 2546 annos
1180 2495 1381 2543 Platoni
1417 2493 1666 2541 audiendo
1703 2505 1929 2568 operam
1924 2490 2032 2537 de-

188 2556 276 2604 dit.
297 2554 347 2625 *2
416 2560 530 2606 Hoc
563 2560 675 2623 ipso
707 2561 865 2624 igitur
898 2572 1153 2625 tempore,
1192 2579 1292 2626 quo
1321 2566 1487 2628 Leges
1518 2562 1729 2622 scriptas
1765 2563 1877 2606 esse
1908 2559 2032 2608 vidi·

268 2773 316 2827 *)
347 2774 544 2818 Ammon
577 2773 650 2817 vit.
669 2770 710 2831 4.
750 2772 882 2830 Diog.
901 2762 1047 2820 Laert.
1074 2772 1110 2829 1,
1128 2771 1167 2821 6.
1198 2774 1337 2819 Dion.
1354 2770 1469 2820 Hal.
1497 2775 1551 2819 de
1578 2783 1663 2818 vet.
1685 2774 1829 2830 script.
1846 2777 1963 2818 cens.
1983 2783 2029 2828 4.
