<?xml version="1.0" encoding="UTF-8"?>
<!DOCTYPE html PUBLIC "-//W3C//DTD XHTML 1.0 Transitional//EN"
    "http://www.w3.org/TR/xhtml1/DTD/xhtml1-transitional.dtd">
<html xmlns="http://www.w3.org/1999/xhtml" xml:lang="en" lang="en">
 <head>
  <title>
</title>
<meta http-equiv="Content-Type" content="text/html;charset=utf-8" />
  <meta name='ocr-system' content='tesseract 3.04.00' />
  <meta name='ocr-capabilities' content='ocr_page ocr_carea ocr_par ocr_line ocrx_word'/>
</head>
<body>
  <div class='ocr_page' id='page_1' title='image "./4630644_0017.png"; bbox 0 0 2286 2948; ppageno 0'>
   <div class='ocr_carea' id='block_1_1' title="bbox 933 85 1288 142">
    <p class='ocr_par' dir='ltr' id='par_1_1' title="bbox 933 85 1288 142">
     <span class='ocr_line' id='line_1_1' title="bbox 933 85 1288 142; baseline 0 -12"><span class='ocrx_word' id='word_1_1' title='bbox 933 85 1288 142; x_wconf 73' lang='lat'>....5...</span> 
     </span>
    </p>
   </div>
   <div class='ocr_carea' id='block_1_2' title="bbox 188 221 2026 307">
    <p class='ocr_par' dir='ltr' id='par_1_2' title="bbox 188 221 2026 307">
     <span class='ocr_line' id='line_1_2' title="bbox 188 221 2026 307; baseline 0.002 -30"><span class='ocrx_word' id='word_1_2' title='bbox 188 228 369 293; x_wconf 82' lang='lat' dir='ltr'>parari,</span> <span class='ocrx_word' id='word_1_3' title='bbox 404 230 577 277; x_wconf 89' lang='lat' dir='ltr'>nullae</span> <span class='ocrx_word' id='word_1_4' title='bbox 606 245 770 277; x_wconf 87' lang='lat' dir='ltr'>rerum</span> <span class='ocrx_word' id='word_1_5' title='bbox 801 230 856 275; x_wconf 89' lang='lat' dir='ltr'>in</span> <span class='ocrx_word' id='word_1_6' title='bbox 885 231 984 276; x_wconf 86' lang='lat' dir='ltr'>vita</span> <span class='ocrx_word' id='word_1_7' title='bbox 1013 230 1347 307; x_wconf 81' lang='lat' dir='ltr'>gerendarum</span> <span class='ocrx_word' id='word_1_8' title='bbox 1378 230 1584 293; x_wconf 77' lang='lat' dir='ltr'>regulae</span> <span class='ocrx_word' id='word_1_9' title='bbox 1613 221 1830 291; x_wconf 70' lang='lat' dir='ltr'>prkiponi</span> <span class='ocrx_word' id='word_1_10' title='bbox 1863 242 1914 278; x_wconf 90' lang='lat' dir='ltr'>et</span> <span class='ocrx_word' id='word_1_11' title='bbox 1941 234 2026 285; x_wconf 87' lang='lat' dir='ltr'>do-</span> 
     </span>
    </p>
   </div>
   <div class='ocr_carea' id='block_1_3' title="bbox 192 297 2030 416">
    <p class='ocr_par' dir='ltr' id='par_1_3' title="bbox 192 297 2030 416">
     <span class='ocr_line' id='line_1_3' title="bbox 192 297 2030 359; baseline 0.001 -17"><span class='ocrx_word' id='word_1_12' title='bbox 192 299 294 343; x_wconf 89' lang='lat' dir='ltr'>ceri</span> <span class='ocrx_word' id='word_1_13' title='bbox 317 300 533 359; x_wconf 85' lang='lat' dir='ltr'>possint,</span> <span class='ocrx_word' id='word_1_14' title='bbox 569 301 638 344; x_wconf 88' lang='lat' dir='ltr'>ita</span> <span class='ocrx_word' id='word_1_15' title='bbox 665 310 720 343; x_wconf 88' lang='lat' dir='ltr'>ut</span> <span class='ocrx_word' id='word_1_16' title='bbox 750 297 859 358; x_wconf 88' lang='lat' dir='ltr'>ipse</span> <span class='ocrx_word' id='word_1_17' title='bbox 882 300 1021 344; x_wconf 90' lang='lat' dir='ltr'>Plato</span> <span class='ocrx_word' id='word_1_18' title='bbox 1054 299 1206 342; x_wconf 88' lang='lat' dir='ltr'>altera</span> <span class='ocrx_word' id='word_1_19' title='bbox 1237 298 1314 343; x_wconf 90' lang='lat' dir='ltr'>sui</span> <span class='ocrx_word' id='word_1_20' title='bbox 1341 306 1482 355; x_wconf 86' lang='lat' dir='ltr'>parte</span> <span class='ocrx_word' id='word_1_21' title='bbox 1514 297 1756 357; x_wconf 88' lang='lat' dir='ltr'>privatus,</span> <span class='ocrx_word' id='word_1_22' title='bbox 1794 309 2030 355; x_wconf 81' lang='lat' dir='ltr'><strong>appareat</strong></span> 
     </span>
     <span class='ocr_line' id='line_1_4' title="bbox 193 357 2028 416; baseline -0.002 -12"><span class='ocrx_word' id='word_1_23' title='bbox 193 360 347 415; x_wconf 79' lang='grc' dir='ltr'><em>ὥσπερ</em></span> <span class='ocrx_word' id='word_1_24' title='bbox 383 362 429 404; x_wconf 83' lang='lat' dir='ltr'>o‘i</span> <span class='ocrx_word' id='word_1_25' title='bbox 464 363 512 405; x_wconf 85' lang='grc' dir='ltr'>ἐν</span> <span class='ocrx_word' id='word_1_26' title='bbox 545 366 647 404; x_wconf 79' lang='grc' dir='ltr'><strong><em>ταῖς</em></strong></span> <span class='ocrx_word' id='word_1_27' title='bbox 674 361 856 416; x_wconf 79' lang='grc' dir='ltr'><strong><em>στήλαις</em></strong></span> <span class='ocrx_word' id='word_1_28' title='bbox 882 360 1003 413; x_wconf 73' lang='grc' dir='ltr'><strong><em>κατὰ</em></strong></span> <span class='ocrx_word' id='word_1_29' title='bbox 1035 361 1230 416; x_wconf 78' lang='grc' dir='ltr'><em>γραφὴν</em></span> <span class='ocrx_word' id='word_1_30' title='bbox 1259 357 1620 412; x_wconf 76' lang='grc' dir='ltr'><strong><em>ἐκτετυπωμέναι,</em></strong></span> <span class='ocrx_word' id='word_1_31' title='bbox 1661 359 2028 411; x_wconf 63' lang='grc' dir='ltr'>διᾱὶτεπρισμένοι</span> 
     </span>
    </p>
   </div>
   <div class='ocr_carea' id='block_1_4' title="bbox 190 418 2091 892">
    <p class='ocr_par' dir='ltr' id='par_1_4' title="bbox 190 418 2091 884">
     <span class='ocr_line' id='line_1_5' title="bbox 191 418 2029 486; baseline -0.007 -10"><span class='ocrx_word' id='word_1_32' title='bbox 191 430 317 476; x_wconf 80' lang='grc' dir='ltr'><strong><em>κατὰ</em></strong></span> <span class='ocrx_word' id='word_1_33' title='bbox 344 431 429 474; x_wconf 79' lang='grc' dir='ltr'>τὰς</span> <span class='ocrx_word' id='word_1_34' title='bbox 457 428 602 483; x_wconf 80' lang='grc' dir='ltr'><strong><em>ῥῖνας,</em></strong></span> <span class='ocrx_word' id='word_1_35' title='bbox 635 428 864 486; x_wconf 80' lang='grc' dir='ltr'><strong><em>γεγονότες</em></strong></span> <span class='ocrx_word' id='word_1_36' title='bbox 895 429 1045 480; x_wconf 79' lang='grc' dir='ltr'><em>ὥσπερ</em></span> <span class='ocrx_word' id='word_1_37' title='bbox 1073 427 1233 469; x_wconf 73' lang='lat' dir='ltr'>Menon</span> <span class='ocrx_word' id='word_1_38' title='bbox 1266 419 1407 479; x_wconf 86' lang='lat' dir='ltr'>(Plat.</span> <span class='ocrx_word' id='word_1_39' title='bbox 1434 420 1603 478; x_wconf 87' lang='lat' dir='ltr'>Symp.</span> <span class='ocrx_word' id='word_1_40' title='bbox 1629 433 1670 463; x_wconf 91' lang='lat' dir='ltr'>c.</span> <span class='ocrx_word' id='word_1_41' title='bbox 1691 418 1805 477; x_wconf 90' lang='lat'>19..)</span> <span class='ocrx_word' id='word_1_42' title='bbox 1835 444 1905 453; x_wconf 94' lang='lat'><strong>—</strong></span> <span class='ocrx_word' id='word_1_43' title='bbox 1950 420 2029 464; x_wconf 88' lang='lat' dir='ltr'>Ad</span> 
     </span>
     <span class='ocr_line' id='line_1_6' title="bbox 190 485 2029 552; baseline -0.004 -15"><span class='ocrx_word' id='word_1_44' title='bbox 190 491 329 537; x_wconf 90' lang='lat' dir='ltr'>hanc</span> <span class='ocrx_word' id='word_1_45' title='bbox 371 492 593 537; x_wconf 84' lang='lat' dir='ltr'>Platonis</span> <span class='ocrx_word' id='word_1_46' title='bbox 639 489 911 552; x_wconf 81' lang='lat' dir='ltr'>imaginem</span> <span class='ocrx_word' id='word_1_47' title='bbox 958 489 1001 534; x_wconf 90' lang='lat' dir='ltr'>si</span> <span class='ocrx_word' id='word_1_48' title='bbox 1048 488 1153 534; x_wconf 91' lang='lat' dir='ltr'>eius</span> <span class='ocrx_word' id='word_1_49' title='bbox 1201 501 1354 548; x_wconf 90' lang='lat' dir='ltr'>opera</span> <span class='ocrx_word' id='word_1_50' title='bbox 1399 486 1601 548; x_wconf 85' lang='lat' dir='ltr'>exigere</span> <span class='ocrx_word' id='word_1_51' title='bbox 1646 494 1695 530; x_wconf 91' lang='lat' dir='ltr'>et</span> <span class='ocrx_word' id='word_1_52' title='bbox 1742 485 2029 531; x_wconf 84' lang='lat' dir='ltr'>examinare</span> 
     </span>
     <span class='ocr_line' id='line_1_7' title="bbox 191 552 2091 615; baseline -0.004 -12"><span class='ocrx_word' id='word_1_53' title='bbox 191 559 439 615; x_wconf 85' lang='lat' dir='ltr'>volueris,</span> <span class='ocrx_word' id='word_1_54' title='bbox 478 572 583 602; x_wconf 90' lang='lat' dir='ltr'>non</span> <span class='ocrx_word' id='word_1_55' title='bbox 625 566 822 603; x_wconf 87' lang='lat' dir='ltr'>tantum</span> <span class='ocrx_word' id='word_1_56' title='bbox 868 570 979 601; x_wconf 90' lang='lat' dir='ltr'>cum</span> <span class='ocrx_word' id='word_1_57' title='bbox 1022 555 1162 600; x_wconf 88' lang='lat' dir='ltr'>Astio</span> <span class='ocrx_word' id='word_1_58' title='bbox 1197 555 1368 615; x_wconf 88' lang='lat' dir='ltr'>plures</span> <span class='ocrx_word' id='word_1_59' title='bbox 1403 553 1641 615; x_wconf 84' lang='lat' dir='ltr'>dialogos</span> <span class='ocrx_word' id='word_1_60' title='bbox 1679 552 1739 597; x_wconf 88' lang='lat' dir='ltr'>ab</span> <span class='ocrx_word' id='word_1_61' title='bbox 1789 567 1850 599; x_wconf 92' lang='lat' dir='ltr'>eo</span> <span class='ocrx_word' id='word_1_62' title='bbox 1889 553 2029 610; x_wconf 87' lang='lat' dir='ltr'>abju-</span> <span class='ocrx_word' id='word_1_63' title='bbox 2080 608 2091 614; x_wconf 17' lang='grc' dir='ltr'>Ι,</span> 
     </span>
     <span class='ocr_line' id='line_1_8' title="bbox 194 620 2025 682; baseline -0.005 -11"><span class='ocrx_word' id='word_1_64' title='bbox 194 624 359 671; x_wconf 87' lang='lat' dir='ltr'>dicare</span> <span class='ocrx_word' id='word_1_65' title='bbox 395 638 599 669; x_wconf 90' lang='lat' dir='ltr'>necesse</span> <span class='ocrx_word' id='word_1_66' title='bbox 631 633 726 682; x_wconf 90' lang='lat' dir='ltr'>est,</span> <span class='ocrx_word' id='word_1_67' title='bbox 771 621 855 667; x_wconf 87' lang='lat' dir='ltr'>sed</span> <span class='ocrx_word' id='word_1_68' title='bbox 890 623 1041 667; x_wconf 88' lang='lat' dir='ltr'>etiam</span> <span class='ocrx_word' id='word_1_69' title='bbox 1075 623 1130 667; x_wconf 87' lang='lat' dir='ltr'>in</span> <span class='ocrx_word' id='word_1_70' title='bbox 1175 621 1378 680; x_wconf 87' lang='lat' dir='ltr'>reliquis</span> <span class='ocrx_word' id='word_1_71' title='bbox 1418 620 1578 664; x_wconf 86' lang='lat' dir='ltr'>multa</span> <span class='ocrx_word' id='word_1_72' title='bbox 1626 628 1857 677; x_wconf 85' lang='lat' dir='ltr'>enotare,</span> <span class='ocrx_word' id='word_1_73' title='bbox 1897 635 2025 679; x_wconf 88' lang='lat' dir='ltr'>quae</span> 
     </span>
     <span class='ocr_line' id='line_1_9' title="bbox 195 686 2025 752; baseline -0.002 -16"><span class='ocrx_word' id='word_1_74' title='bbox 195 693 451 752; x_wconf 88' lang='lat' dir='ltr'>quomodo</span> <span class='ocrx_word' id='word_1_75' title='bbox 499 691 557 735; x_wconf 86' lang='lat' dir='ltr'>ad</span> <span class='ocrx_word' id='word_1_76' title='bbox 601 692 762 736; x_wconf 89' lang='lat' dir='ltr'>ideam</span> <span class='ocrx_word' id='word_1_77' title='bbox 804 690 1156 750; x_wconf 80' lang='lat' dir='ltr'>philosophiae</span> <span class='ocrx_word' id='word_1_78' title='bbox 1199 688 1512 749; x_wconf 89' lang='lat' dir='ltr'>pertineant,</span> <span class='ocrx_word' id='word_1_79' title='bbox 1557 701 1662 732; x_wconf 90' lang='lat' dir='ltr'>non</span> <span class='ocrx_word' id='word_1_80' title='bbox 1706 686 2025 750; x_wconf 72' lang='lat' dir='ltr'>intelligitur,</span> 
     </span>
     <span class='ocr_line' id='line_1_10' title="bbox 193 753 2023 817; baseline -0.002 -15"><span class='ocrx_word' id='word_1_81' title='bbox 193 774 238 803; x_wconf 87' lang='lat' dir='ltr'>v.</span> <span class='ocrx_word' id='word_1_82' title='bbox 264 775 302 803; x_wconf 90' lang='lat' dir='ltr'>c.</span> <span class='ocrx_word' id='word_1_83' title='bbox 336 774 463 817; x_wconf 88' lang='lat' dir='ltr'>quae</span> <span class='ocrx_word' id='word_1_84' title='bbox 493 758 547 801; x_wconf 88' lang='lat' dir='ltr'>in</span> <span class='ocrx_word' id='word_1_85' title='bbox 582 757 841 803; x_wconf 88' lang='lat' dir='ltr'>Phaedone</span> <span class='ocrx_word' id='word_1_86' title='bbox 877 756 939 801; x_wconf 90' lang='lat' dir='ltr'>de</span> <span class='ocrx_word' id='word_1_87' title='bbox 976 756 1186 802; x_wconf 83' lang='lat' dir='ltr'>Socratis</span> <span class='ocrx_word' id='word_1_88' title='bbox 1221 763 1384 815; x_wconf 77' lang='lat' dir='ltr'>morte</span> <span class='ocrx_word' id='word_1_89' title='bbox 1420 764 1476 799; x_wconf 92' lang='lat' dir='ltr'>ut</span> <span class='ocrx_word' id='word_1_90' title='bbox 1513 753 1571 799; x_wconf 90' lang='lat' dir='ltr'>de</span> <span class='ocrx_word' id='word_1_91' title='bbox 1607 754 1740 799; x_wconf 86' lang='lat' dir='ltr'>facto</span> <span class='ocrx_word' id='word_1_92' title='bbox 1781 753 2023 799; x_wconf 85' lang='lat' dir='ltr'>historice</span> 
     </span>
     <span class='ocr_line' id='line_1_11' title="bbox 192 821 2024 892; baseline -0.002 -23"><span class='ocrx_word' id='word_1_93' title='bbox 192 839 299 869; x_wconf 88' lang='lat' dir='ltr'>non</span> <span class='ocrx_word' id='word_1_94' title='bbox 335 825 397 868; x_wconf 92' lang='lat' dir='ltr'>de</span> <span class='ocrx_word' id='word_1_95' title='bbox 432 824 543 869; x_wconf 89' lang='lat' dir='ltr'>idea</span> <span class='ocrx_word' id='word_1_96' title='bbox 580 823 926 884; x_wconf 85' lang='lat' dir='ltr'>philosophica</span> <span class='ocrx_word' id='word_1_97' title='bbox 962 832 1249 879; x_wconf 86' lang='lat' dir='ltr'>narrantur,</span> <span class='ocrx_word' id='word_1_98' title='bbox 1297 835 1423 882; x_wconf 86' lang='lat' dir='ltr'>quae</span> <span class='ocrx_word' id='word_1_99' title='bbox 1464 821 1524 868; x_wconf 90' lang='lat' dir='ltr'>ad</span> <span class='ocrx_word' id='word_1_100' title='bbox 1567 830 1725 868; x_wconf 88' lang='lat' dir='ltr'>artem</span> <span class='ocrx_word' id='word_1_101' title='bbox 1765 821 2024 892; x_wconf 89' lang='lat' dir='ltr'>mimicam</span> 
     </span>
    </p>
   </div>
   <div class='ocr_carea' id='block_1_5' title="bbox 191 889 1291 951">
    <p class='ocr_par' dir='ltr' id='par_1_5' title="bbox 191 889 1291 951">
     <span class='ocr_line' id='line_1_12' title="bbox 191 889 1291 951; baseline -0.003 -14"><span class='ocrx_word' id='word_1_102' title='bbox 191 893 247 937; x_wconf 87' lang='lat' dir='ltr'>in</span> <span class='ocrx_word' id='word_1_103' title='bbox 280 892 494 940; x_wconf 85' lang='lat' dir='ltr'>Platone</span> <span class='ocrx_word' id='word_1_104' title='bbox 526 891 782 951; x_wconf 79' lang='lat' dir='ltr'>pertinent</span> <span class='ocrx_word' id='word_1_105' title='bbox 817 899 865 934; x_wconf 88' lang='lat' dir='ltr'>et</span> <span class='ocrx_word' id='word_1_106' title='bbox 903 890 1000 935; x_wconf 86' lang='lat' dir='ltr'>alia</span> <span class='ocrx_word' id='word_1_107' title='bbox 1028 889 1291 950; x_wconf 88' lang='lat' dir='ltr'>permulta.</span> 
     </span>
    </p>
   </div>
   <div class='ocr_carea' id='block_1_6' title="bbox 189 1022 2026 1412">
    <p class='ocr_par' dir='ltr' id='par_1_6' title="bbox 189 1022 2026 1412">
     <span class='ocr_line' id='line_1_13' title="bbox 329 1022 2026 1087; baseline -0.001 -18"><span class='ocrx_word' id='word_1_108' title='bbox 329 1026 470 1087; x_wconf 86' lang='lat' dir='ltr'>Quae</span> <span class='ocrx_word' id='word_1_109' title='bbox 507 1037 621 1068; x_wconf 91' lang='lat' dir='ltr'>cum</span> <span class='ocrx_word' id='word_1_110' title='bbox 655 1023 723 1067; x_wconf 89' lang='lat' dir='ltr'>ita</span> <span class='ocrx_word' id='word_1_111' title='bbox 759 1024 874 1080; x_wconf 87' lang='lat' dir='ltr'>sint,</span> <span class='ocrx_word' id='word_1_112' title='bbox 908 1038 1035 1068; x_wconf 89' lang='lat' dir='ltr'>nova</span> <span class='ocrx_word' id='word_1_113' title='bbox 1068 1022 1262 1084; x_wconf 84' lang='lat' dir='ltr'>ingenii</span> <span class='ocrx_word' id='word_1_114' title='bbox 1298 1032 1348 1068; x_wconf 93' lang='lat' dir='ltr'>et</span> <span class='ocrx_word' id='word_1_115' title='bbox 1374 1022 1559 1069; x_wconf 86' lang='lat' dir='ltr'>indolis</span> <span class='ocrx_word' id='word_1_116' title='bbox 1595 1022 1816 1069; x_wconf 81' lang='lat' dir='ltr'>Platonis</span> <span class='ocrx_word' id='word_1_117' title='bbox 1853 1022 2026 1071; x_wconf 50' lang='lat' dir='ltr'>adumf&#39;</span> 
     </span>
     <span class='ocr_line' id='line_1_14' title="bbox 189 1089 2024 1152; baseline -0.001 -15"><span class='ocrx_word' id='word_1_118' title='bbox 189 1091 351 1137; x_wconf 85' lang='lat' dir='ltr'>bratio</span> <span class='ocrx_word' id='word_1_119' title='bbox 388 1090 682 1150; x_wconf 84' lang='lat' dir='ltr'>requiritur,</span> <span class='ocrx_word' id='word_1_120' title='bbox 719 1089 779 1134; x_wconf 89' lang='lat' dir='ltr'>ad</span> <span class='ocrx_word' id='word_1_121' title='bbox 813 1104 961 1149; x_wconf 88' lang='lat' dir='ltr'>quam</span> <span class='ocrx_word' id='word_1_122' title='bbox 995 1104 1222 1134; x_wconf 85' lang='lat' dir='ltr'>normam</span> <span class='ocrx_word' id='word_1_123' title='bbox 1270 1099 1321 1134; x_wconf 89' lang='lat' dir='ltr'>et</span> <span class='ocrx_word' id='word_1_124' title='bbox 1355 1091 1578 1152; x_wconf 87' lang='lat' dir='ltr'>regulam</span> <span class='ocrx_word' id='word_1_125' title='bbox 1617 1090 1817 1152; x_wconf 87' lang='lat' dir='ltr'>singula</span> <span class='ocrx_word' id='word_1_126' title='bbox 1853 1092 2024 1136; x_wconf 88' lang='lat' dir='ltr'>omnia</span> 
     </span>
     <span class='ocr_line' id='line_1_15' title="bbox 191 1155 2022 1217; baseline 0 -15"><span class='ocrx_word' id='word_1_127' title='bbox 191 1158 377 1203; x_wconf 86' lang='lat' dir='ltr'>referre</span> <span class='ocrx_word' id='word_1_128' title='bbox 423 1166 473 1200; x_wconf 89' lang='lat' dir='ltr'>et</span> <span class='ocrx_word' id='word_1_129' title='bbox 519 1171 634 1205; x_wconf 89' lang='lat' dir='ltr'>cum</span> <span class='ocrx_word' id='word_1_130' title='bbox 680 1156 766 1200; x_wconf 89' lang='lat' dir='ltr'>illa</span> <span class='ocrx_word' id='word_1_131' title='bbox 813 1171 1121 1217; x_wconf 88' lang='lat' dir='ltr'>comparare,</span> <span class='ocrx_word' id='word_1_132' title='bbox 1179 1155 1362 1200; x_wconf 86' lang='lat' dir='ltr'>iudicia</span> <span class='ocrx_word' id='word_1_133' title='bbox 1405 1167 1571 1200; x_wconf 88' lang='lat' dir='ltr'>nostra</span> <span class='ocrx_word' id='word_1_134' title='bbox 1619 1171 1925 1216; x_wconf 89' lang='lat' dir='ltr'>componere</span> <span class='ocrx_word' id='word_1_135' title='bbox 1971 1167 2022 1202; x_wconf 86' lang='lat' dir='ltr'>et</span> 
     </span>
     <span class='ocr_line' id='line_1_16' title="bbox 190 1223 2021 1284; baseline 0 -15"><span class='ocrx_word' id='word_1_136' title='bbox 190 1223 489 1278; x_wconf 86' lang='lat' dir='ltr'>ostracismo</span> <span class='ocrx_word' id='word_1_137' title='bbox 534 1224 632 1267; x_wconf 88' lang='lat' dir='ltr'>isto</span> <span class='ocrx_word' id='word_1_138' title='bbox 645 1255 659 1280; x_wconf 94' lang='lat'>,</span> <span class='ocrx_word' id='word_1_139' title='bbox 706 1223 792 1281; x_wconf 89' lang='lat' dir='ltr'>qui</span> <span class='ocrx_word' id='word_1_140' title='bbox 834 1238 922 1283; x_wconf 89' lang='lat' dir='ltr'>pro</span> <span class='ocrx_word' id='word_1_141' title='bbox 957 1223 1117 1267; x_wconf 88' lang='lat' dir='ltr'>lubitu</span> <span class='ocrx_word' id='word_1_142' title='bbox 1154 1232 1239 1267; x_wconf 84' lang='lat' dir='ltr'>aut</span> <span class='ocrx_word' id='word_1_143' title='bbox 1274 1238 1333 1267; x_wconf 91' lang='lat' dir='ltr'>ex</span> <span class='ocrx_word' id='word_1_144' title='bbox 1377 1223 1728 1284; x_wconf 88' lang='lat' dir='ltr'>praeiudicatis</span> <span class='ocrx_word' id='word_1_145' title='bbox 1771 1224 2021 1284; x_wconf 89' lang='lat' dir='ltr'>opinioni-</span> 
     </span>
     <span class='ocr_line' id='line_1_17' title="bbox 189 1288 2019 1348; baseline 0 -14"><span class='ocrx_word' id='word_1_146' title='bbox 189 1293 284 1335; x_wconf 88' lang='lat' dir='ltr'>bus</span> <span class='ocrx_word' id='word_1_147' title='bbox 320 1291 377 1333; x_wconf 90' lang='lat' dir='ltr'>in</span> <span class='ocrx_word' id='word_1_148' title='bbox 412 1289 645 1332; x_wconf 85' lang='lat' dir='ltr'>exsilium</span> <span class='ocrx_word' id='word_1_149' title='bbox 681 1290 857 1345; x_wconf 85' lang='lat' dir='ltr'>mittit,</span> <span class='ocrx_word' id='word_1_150' title='bbox 893 1288 1035 1333; x_wconf 89' lang='lat' dir='ltr'>liberi</span> <span class='ocrx_word' id='word_1_151' title='bbox 1071 1305 1177 1333; x_wconf 84' lang='lat' dir='ltr'>esse</span> <span class='ocrx_word' id='word_1_152' title='bbox 1207 1290 1470 1348; x_wconf 81' lang='lat' dir='ltr'>possimus.</span> <span class='ocrx_word' id='word_1_153' title='bbox 1544 1290 1639 1335; x_wconf 81' lang='lat' dir='ltr'>Sed</span> <span class='ocrx_word' id='word_1_154' title='bbox 1676 1289 1850 1334; x_wconf 89' lang='lat' dir='ltr'>alienis</span> <span class='ocrx_word' id='word_1_155' title='bbox 1887 1305 2019 1334; x_wconf 87' lang='lat' dir='ltr'>erro-</span> 
     </span>
     <span class='ocr_line' id='line_1_18' title="bbox 190 1353 2017 1412; baseline -0.001 -10"><span class='ocrx_word' id='word_1_156' title='bbox 190 1357 329 1403; x_wconf 84' lang='lat' dir='ltr'>ribus</span> <span class='ocrx_word' id='word_1_157' title='bbox 369 1355 615 1400; x_wconf 88' lang='lat' dir='ltr'>cautionis</span> <span class='ocrx_word' id='word_1_158' title='bbox 649 1353 957 1398; x_wconf 83' lang='lat' dir='ltr'>adhibendae</span> <span class='ocrx_word' id='word_1_159' title='bbox 995 1355 1444 1412; x_wconf 81' lang='lat' dir='ltr'>commonefactus,</span> <span class='ocrx_word' id='word_1_160' title='bbox 1480 1369 1546 1398; x_wconf 88' lang='lat' dir='ltr'>ne</span> <span class='ocrx_word' id='word_1_161' title='bbox 1580 1355 1728 1402; x_wconf 65' lang='lat' dir='ltr'>novis,</span> <span class='ocrx_word' id='word_1_162' title='bbox 1768 1356 2017 1400; x_wconf 85' lang='lat' dir='ltr'>erroribus</span> 
     </span>
    </p>
   </div>
   <div class='ocr_carea' id='block_1_7' title="bbox 100 1419 2017 1483">
    <p class='ocr_par' dir='ltr' id='par_1_7' title="bbox 100 1419 2017 1483">
     <span class='ocr_line' id='line_1_19' title="bbox 100 1419 2017 1483; baseline -0.001 -15"><span class='ocrx_word' id='word_1_163' title='bbox 100 1419 134 1430; x_wconf 39' lang='lat'>⁸</span> <span class='ocrx_word' id='word_1_164' title='bbox 193 1426 566 1468; x_wconf 84' lang='lat' dir='ltr'>circumventus</span> <span class='ocrx_word' id='word_1_165' title='bbox 608 1421 905 1480; x_wconf 86' lang='lat' dir='ltr'>spessiorem</span> <span class='ocrx_word' id='word_1_166' title='bbox 948 1423 1021 1466; x_wconf 90' lang='lat' dir='ltr'>rei</span> <span class='ocrx_word' id='word_1_167' title='bbox 1069 1422 1338 1483; x_wconf 88' lang='lat' dir='ltr'>caliginem</span> <span class='ocrx_word' id='word_1_168' title='bbox 1389 1422 1646 1467; x_wconf 79' lang='lat' dir='ltr'>offundere</span> <span class='ocrx_word' id='word_1_169' title='bbox 1682 1421 1876 1479; x_wconf 82' lang='lat' dir='ltr'>videar,</span> <span class='ocrx_word' id='word_1_170' title='bbox 1920 1422 2017 1468; x_wconf 86' lang='lat' dir='ltr'>hac</span> 
     </span>
    </p>
   </div>
   <div class='ocr_carea' id='block_1_8' title="bbox 187 1483 2017 1750">
    <p class='ocr_par' dir='ltr' id='par_1_8' title="bbox 187 1483 2017 1750">
     <span class='ocr_line' id='line_1_20' title="bbox 190 1483 2017 1546; baseline -0.001 -11"><span class='ocrx_word' id='word_1_171' title='bbox 190 1490 298 1536; x_wconf 87' lang='lat' dir='ltr'>sola</span> <span class='ocrx_word' id='word_1_172' title='bbox 343 1488 423 1533; x_wconf 86' lang='lat' dir='ltr'>via</span> <span class='ocrx_word' id='word_1_173' title='bbox 465 1496 602 1543; x_wconf 85' lang='lat' dir='ltr'>utar,</span> <span class='ocrx_word' id='word_1_174' title='bbox 650 1502 746 1546; x_wconf 83' lang='lat' dir='ltr'>qua</span> <span class='ocrx_word' id='word_1_175' title='bbox 791 1497 846 1531; x_wconf 90' lang='lat' dir='ltr'>ut</span> <span class='ocrx_word' id='word_1_176' title='bbox 884 1487 944 1532; x_wconf 87' lang='lat' dir='ltr'>ad</span> <span class='ocrx_word' id='word_1_177' title='bbox 988 1488 1137 1532; x_wconf 85' lang='lat' dir='ltr'>falsos</span> <span class='ocrx_word' id='word_1_178' title='bbox 1184 1503 1371 1532; x_wconf 85' lang='lat' dir='ltr'>errores</span> <span class='ocrx_word' id='word_1_179' title='bbox 1419 1483 1726 1533; x_wconf 68' lang='lat' dir='ltr'>inducamur&#39;</span> <span class='ocrx_word' id='word_1_180' title='bbox 1760 1489 1869 1532; x_wconf 87' lang='lat' dir='ltr'>fieri</span> <span class='ocrx_word' id='word_1_181' title='bbox 1912 1503 2017 1533; x_wconf 90' lang='lat' dir='ltr'>non</span> 
     </span>
     <span class='ocr_line' id='line_1_21' title="bbox 188 1554 2015 1618; baseline 0.001 -17"><span class='ocrx_word' id='word_1_182' title='bbox 188 1565 370 1618; x_wconf 86' lang='lat' dir='ltr'>potest.</span> <span class='ocrx_word' id='word_1_183' title='bbox 442 1554 711 1599; x_wconf 86' lang='lat' dir='ltr'>Enimvero</span> <span class='ocrx_word' id='word_1_184' title='bbox 754 1554 918 1614; x_wconf 91' lang='lat' dir='ltr'>ipsum</span> <span class='ocrx_word' id='word_1_185' title='bbox 957 1556 1212 1600; x_wconf 75' lang='lat' dir='ltr'>Platonem</span> <span class='ocrx_word' id='word_1_186' title='bbox 1253 1555 1508 1600; x_wconf 86' lang='lat' dir='ltr'>audiamus</span> <span class='ocrx_word' id='word_1_187' title='bbox 1543 1556 1599 1600; x_wconf 88' lang='lat' dir='ltr'>in</span> <span class='ocrx_word' id='word_1_188' title='bbox 1624 1556 1894 1616; x_wconf 28' lang='lat' dir='ltr'>*symposio</span> <span class='ocrx_word' id='word_1_189' title='bbox 1932 1556 2015 1615; x_wconf 84' lang='lat' dir='ltr'>(de</span> 
     </span>
     <span class='ocr_line' id='line_1_22' title="bbox 190 1620 2016 1684; baseline 0 -17"><span class='ocrx_word' id='word_1_190' title='bbox 190 1637 289 1684; x_wconf 89' lang='lat' dir='ltr'>quo</span> <span class='ocrx_word' id='word_1_191' title='bbox 342 1636 433 1665; x_wconf 89' lang='lat' dir='ltr'>seu</span> <span class='ocrx_word' id='word_1_192' title='bbox 479 1620 940 1679; x_wconf 87' lang='lat' dir='ltr'>Schleyermacheri</span> <span class='ocrx_word' id='word_1_193' title='bbox 991 1637 1076 1665; x_wconf 89' lang='lat' dir='ltr'>seu</span> <span class='ocrx_word' id='word_1_194' title='bbox 1125 1622 1252 1666; x_wconf 86' lang='lat' dir='ltr'>Astii</span> <span class='ocrx_word' id='word_1_195' title='bbox 1298 1625 1568 1666; x_wconf 88' lang='lat' dir='ltr'>sententias</span> <span class='ocrx_word' id='word_1_196' title='bbox 1615 1624 1836 1681; x_wconf 87' lang='lat' dir='ltr'>sequaris</span> <span class='ocrx_word' id='word_1_197' title='bbox 1882 1622 2016 1668; x_wconf 88' lang='lat' dir='ltr'>nihil</span> 
     </span>
     <span class='ocr_line' id='line_1_23' title="bbox 187 1686 2015 1750; baseline 0.001 -15"><span class='ocrx_word' id='word_1_198' title='bbox 187 1704 324 1735; x_wconf 89' lang='lat' dir='ltr'>nunc</span> <span class='ocrx_word' id='word_1_199' title='bbox 367 1688 568 1746; x_wconf 87' lang='lat' dir='ltr'>refert),</span> <span class='ocrx_word' id='word_1_200' title='bbox 612 1686 668 1731; x_wconf 89' lang='lat' dir='ltr'>in</span> <span class='ocrx_word' id='word_1_201' title='bbox 719 1702 815 1746; x_wconf 87' lang='lat' dir='ltr'>quo</span> <span class='ocrx_word' id='word_1_202' title='bbox 859 1697 990 1732; x_wconf 88' lang='lat' dir='ltr'>recta</span> <span class='ocrx_word' id='word_1_203' title='bbox 1025 1687 1412 1747; x_wconf 89' lang='lat' dir='ltr'>philosophandi</span> <span class='ocrx_word' id='word_1_204' title='bbox 1447 1690 1526 1734; x_wconf 86' lang='lat' dir='ltr'>via</span> <span class='ocrx_word' id='word_1_205' title='bbox 1565 1698 1615 1733; x_wconf 91' lang='lat' dir='ltr'>et</span> <span class='ocrx_word' id='word_1_206' title='bbox 1648 1689 1867 1750; x_wconf 85' lang='lat' dir='ltr'>ingenua</span> <span class='ocrx_word' id='word_1_207' title='bbox 1907 1689 2015 1738; x_wconf 86' lang='lat' dir='ltr'>veri</span> 
     </span>
    </p>
   </div>
   <div class='ocr_carea' id='block_1_9' title="bbox 182 1754 2013 1878">
    <p class='ocr_par' dir='ltr' id='par_1_9' title="bbox 182 1754 2013 1878">
     <span class='ocr_line' id='line_1_24' title="bbox 182 1754 2013 1818; baseline 0.001 -18"><span class='ocrx_word' id='word_1_208' title='bbox 182 1754 483 1818; x_wconf 85' lang='lat' dir='ltr'>philosophi</span> <span class='ocrx_word' id='word_1_209' title='bbox 523 1754 626 1797; x_wconf 78' lang='lat' dir='ltr'>vita</span> <span class='ocrx_word' id='word_1_210' title='bbox 671 1763 747 1813; x_wconf 64' lang='lat' dir='ltr'>est</span> <span class='ocrx_word' id='word_1_211' title='bbox 781 1754 1078 1814; x_wconf 87' lang='lat' dir='ltr'>perscripta,</span> <span class='ocrx_word' id='word_1_212' title='bbox 1122 1769 1270 1813; x_wconf 88' lang='lat' dir='ltr'>quam</span> <span class='ocrx_word' id='word_1_213' title='bbox 1313 1755 1478 1814; x_wconf 90' lang='lat' dir='ltr'>ipsum</span> <span class='ocrx_word' id='word_1_214' title='bbox 1520 1757 1778 1800; x_wconf 84' lang='lat' dir='ltr'>Platonem</span> <span class='ocrx_word' id='word_1_215' title='bbox 1815 1772 2013 1816; x_wconf 87' lang='lat' dir='ltr'>quoque</span> 
     </span>
     <span class='ocr_line' id='line_1_25' title="bbox 184 1821 2011 1878; baseline 0 -11"><span class='ocrx_word' id='word_1_216' title='bbox 184 1830 416 1867; x_wconf 84' lang='lat' dir='ltr'>secutum</span> <span class='ocrx_word' id='word_1_217' title='bbox 453 1835 562 1864; x_wconf 91' lang='lat' dir='ltr'>esse</span> <span class='ocrx_word' id='word_1_218' title='bbox 597 1830 647 1862; x_wconf 91' lang='lat' dir='ltr'>et</span> <span class='ocrx_word' id='word_1_219' title='bbox 682 1835 771 1862; x_wconf 89' lang='lat' dir='ltr'>sua</span> <span class='ocrx_word' id='word_1_220' title='bbox 805 1821 961 1878; x_wconf 89' lang='lat' dir='ltr'>ipsius</span> <span class='ocrx_word' id='word_1_221' title='bbox 999 1821 1100 1862; x_wconf 85' lang='lat' dir='ltr'>vita</span> <span class='ocrx_word' id='word_1_222' title='bbox 1141 1835 1312 1878; x_wconf 86' lang='lat' dir='ltr'>reapse</span> <span class='ocrx_word' id='word_1_223' title='bbox 1350 1821 1635 1865; x_wconf 85' lang='lat' dir='ltr'>exhibuisse</span> <span class='ocrx_word' id='word_1_224' title='bbox 1673 1837 1776 1865; x_wconf 91' lang='lat' dir='ltr'>non</span> <span class='ocrx_word' id='word_1_225' title='bbox 1814 1831 1887 1867; x_wconf 89' lang='lat' dir='ltr'>est</span> <span class='ocrx_word' id='word_1_226' title='bbox 1923 1838 2011 1867; x_wconf 89' lang='lat' dir='ltr'>cur</span> 
     </span>
    </p>
   </div>
   <div class='ocr_carea' id='block_1_10' title="bbox 184 1884 2012 2015">
    <p class='ocr_par' dir='ltr' id='par_1_10' title="bbox 184 1884 2012 2015">
     <span class='ocr_line' id='line_1_26' title="bbox 184 1884 2012 1947; baseline 0 -14"><span class='ocrx_word' id='word_1_227' title='bbox 184 1889 487 1943; x_wconf 88' lang='lat' dir='ltr'>dubitemus,</span> <span class='ocrx_word' id='word_1_228' title='bbox 525 1896 581 1929; x_wconf 90' lang='lat' dir='ltr'>ut</span> <span class='ocrx_word' id='word_1_229' title='bbox 621 1901 682 1929; x_wconf 86' lang='lat' dir='ltr'>ex</span> <span class='ocrx_word' id='word_1_230' title='bbox 708 1885 803 1929; x_wconf 89' lang='lat' dir='ltr'>hac</span> <span class='ocrx_word' id='word_1_231' title='bbox 828 1884 1029 1932; x_wconf 82' lang='lat' dir='ltr'>tandem</span> <span class='ocrx_word' id='word_1_232' title='bbox 1058 1885 1305 1944; x_wconf 82' lang='lat' dir='ltr'>sentiendi</span> <span class='ocrx_word' id='word_1_233' title='bbox 1334 1895 1382 1929; x_wconf 85' lang='lat' dir='ltr'>et</span> <span class='ocrx_word' id='word_1_234' title='bbox 1410 1885 1663 1947; x_wconf 83' lang='lat' dir='ltr'>cogitandi</span> <span class='ocrx_word' id='word_1_235' title='bbox 1695 1887 1885 1938; x_wconf 82' lang='lat' dir='ltr'>ratione</span> <span class='ocrx_word' id='word_1_236' title='bbox 1913 1889 2012 1933; x_wconf 87' lang='lat' dir='ltr'>sin-</span> 
     </span>
     <span class='ocr_line' id='line_1_27' title="bbox 184 1951 2008 2015; baseline -0.002 -14"><span class='ocrx_word' id='word_1_237' title='bbox 184 1970 357 2001; x_wconf 83' lang='lat' dir='ltr'>cerum</span> <span class='ocrx_word' id='word_1_238' title='bbox 382 1961 433 1997; x_wconf 89' lang='lat' dir='ltr'>et</span> <span class='ocrx_word' id='word_1_239' title='bbox 452 1952 735 2015; x_wconf 88' lang='lat' dir='ltr'>genuinum</span> <span class='ocrx_word' id='word_1_240' title='bbox 754 1951 977 1996; x_wconf 86' lang='lat' dir='ltr'>Platonis</span> <span class='ocrx_word' id='word_1_241' title='bbox 998 1952 1260 2014; x_wconf 78' lang='lat' dir='ltr'>ingenium</span> <span class='ocrx_word' id='word_1_242' title='bbox 1281 1961 1330 1994; x_wconf 87' lang='lat' dir='ltr'>et</span> <span class='ocrx_word' id='word_1_243' title='bbox 1358 1952 1549 1996; x_wconf 82' lang='lat' dir='ltr'>indoles</span> <span class='ocrx_word' id='word_1_244' title='bbox 1576 1954 1809 2014; x_wconf 85' lang='lat' dir='ltr'>cognosci</span> <span class='ocrx_word' id='word_1_245' title='bbox 1838 1955 2008 2014; x_wconf 84' lang='lat' dir='ltr'>possit.</span> 
     </span>
    </p>
   </div>
   <div class='ocr_carea' id='block_1_11' title="bbox 183 2091 2012 2287">
    <p class='ocr_par' dir='ltr' id='par_1_11' title="bbox 183 2091 2012 2287">
     <span class='ocr_line' id='line_1_28' title="bbox 318 2091 2012 2154; baseline -0.001 -13"><span class='ocrx_word' id='word_1_246' title='bbox 318 2094 608 2142; x_wconf 88' lang='lat' dir='ltr'>Secundum</span> <span class='ocrx_word' id='word_1_247' title='bbox 636 2093 733 2137; x_wconf 89' lang='lat' dir='ltr'>ista</span> <span class='ocrx_word' id='word_1_248' title='bbox 761 2103 1025 2154; x_wconf 82' lang='lat' dir='ltr'>praecepta</span> <span class='ocrx_word' id='word_1_249' title='bbox 1051 2109 1196 2151; x_wconf 80' lang='lat' dir='ltr'>verus</span> <span class='ocrx_word' id='word_1_250' title='bbox 1225 2091 1555 2154; x_wconf 83' lang='lat' dir='ltr'>philosophus</span> <span class='ocrx_word' id='word_1_251' title='bbox 1585 2093 1703 2138; x_wconf 91' lang='lat' dir='ltr'>boni</span> <span class='ocrx_word' id='word_1_252' title='bbox 1735 2103 1783 2137; x_wconf 88' lang='lat' dir='ltr'>et</span> <span class='ocrx_word' id='word_1_253' title='bbox 1816 2095 2012 2154; x_wconf 79' lang='lat' dir='ltr'>p‘ulchri</span> 
     </span>
     <span class='ocr_line' id='line_1_29' title="bbox 186 2160 2010 2222; baseline -0.002 -12"><span class='ocrx_word' id='word_1_254' title='bbox 186 2178 352 2210; x_wconf 86' lang='lat' dir='ltr'>amore</span> <span class='ocrx_word' id='word_1_255' title='bbox 380 2171 455 2206; x_wconf 79' lang='lat' dir='ltr'>est</span> <span class='ocrx_word' id='word_1_256' title='bbox 480 2160 772 2222; x_wconf 82' lang='lat' dir='ltr'>insignitus,</span> <span class='ocrx_word' id='word_1_257' title='bbox 810 2161 1015 2218; x_wconf 84' lang='lat' dir='ltr'>eiusque</span> <span class='ocrx_word' id='word_1_258' title='bbox 1043 2161 1469 2203; x_wconf 86' lang='lat' dir='ltr'>immortalitatem</span> <span class='ocrx_word' id='word_1_259' title='bbox 1507 2160 1597 2203; x_wconf 83' lang='lat' dir='ltr'>sibi</span> <span class='ocrx_word' id='word_1_260' title='bbox 1632 2170 1829 2220; x_wconf 79' lang='lat' dir='ltr'>exoptat</span> <span class='ocrx_word' id='word_1_261' title='bbox 1860 2177 2010 2221; x_wconf 86' lang='lat' dir='ltr'>quam</span> 
     </span>
     <span class='ocr_line' id='line_1_30' title="bbox 183 2211 2012 2287; baseline -0.002 -11"><span class='ocrx_word' id='word_1_262' title='bbox 183 2242 352 2276; x_wconf 90' lang='lat' dir='ltr'>tamen</span> <span class='ocrx_word' id='word_1_263' title='bbox 399 2228 597 2286; x_wconf 85' lang='lat' dir='ltr'>assequi</span> <span class='ocrx_word' id='word_1_264' title='bbox 640 2241 745 2270; x_wconf 89' lang='lat' dir='ltr'>non</span> <span class='ocrx_word' id='word_1_265' title='bbox 803 2227 957 2282; x_wconf 88' lang='lat' dir='ltr'>licet,</span> <span class='ocrx_word' id='word_1_266' title='bbox 1001 2211 1136 2270; x_wconf 86' lang='lat' dir='ltr'>nisi</span> <span class='ocrx_word' id='word_1_267' title='bbox 1148 2226 1236 2287; x_wconf 58' lang='lat' dir='ltr'>gig</span> <span class='ocrx_word' id='word_1_268' title='bbox 1209 2225 1402 2269; x_wconf 76' lang='lat' dir='ltr'>&lt;mendo</span> <span class='ocrx_word' id='word_1_269' title='bbox 1452 2235 1501 2269; x_wconf 90' lang='lat' dir='ltr'>et</span> <span class='ocrx_word' id='word_1_270' title='bbox 1545 2228 1848 2285; x_wconf 76' lang='lat' dir='ltr'>procreando</span> <span class='ocrx_word' id='word_1_271' title='bbox 1892 2230 2012 2273; x_wconf 72' lang='lat' dir='ltr'>talia</span> 
     </span>
    </p>
   </div>
   <div class='ocr_carea' id='block_1_12' title="bbox 181 2292 2010 2419">
    <p class='ocr_par' dir='ltr' id='par_1_12' title="bbox 181 2292 2010 2419">
     <span class='ocr_line' id='line_1_31' title="bbox 184 2292 2010 2358; baseline -0.002 -16"><span class='ocrx_word' id='word_1_272' title='bbox 184 2313 309 2358; x_wconf 86' lang='lat' dir='ltr'>quae</span> <span class='ocrx_word' id='word_1_273' title='bbox 353 2294 567 2340; x_wconf 84' lang='lat' dir='ltr'>auctoris</span> <span class='ocrx_word' id='word_1_274' title='bbox 607 2307 796 2338; x_wconf 88' lang='lat' dir='ltr'>nomen</span> <span class='ocrx_word' id='word_1_275' title='bbox 844 2301 892 2338; x_wconf 88' lang='lat' dir='ltr'>et</span> <span class='ocrx_word' id='word_1_276' title='bbox 939 2292 1147 2354; x_wconf 84' lang='lat' dir='ltr'>originis</span> <span class='ocrx_word' id='word_1_277' title='bbox 1192 2292 1404 2354; x_wconf 84' lang='lat' dir='ltr'>gloriam</span> <span class='ocrx_word' id='word_1_278' title='bbox 1446 2306 1642 2352; x_wconf 79' lang='lat' dir='ltr'>semper</span> <span class='ocrx_word' id='word_1_279' title='bbox 1684 2308 1800 2353; x_wconf 82' lang='lat' dir='ltr'>prae</span> <span class='ocrx_word' id='word_1_280' title='bbox 1841 2309 1893 2337; x_wconf 86' lang='lat' dir='ltr'>se</span> <span class='ocrx_word' id='word_1_281' title='bbox 1938 2296 2010 2339; x_wconf 84' lang='lat' dir='ltr'>fe-</span> 
     </span>
     <span class='ocr_line' id='line_1_32' title="bbox 181 2359 2010 2419; baseline -0.001 -11"><span class='ocrx_word' id='word_1_282' title='bbox 181 2370 318 2418; x_wconf 70' lang='lat' dir='ltr'>rant,</span> <span class='ocrx_word' id='word_1_283' title='bbox 356 2371 411 2404; x_wconf 84' lang='lat' dir='ltr'>ut</span> <span class='ocrx_word' id='word_1_284' title='bbox 440 2362 507 2404; x_wconf 84' lang='lat' dir='ltr'>ita</span> <span class='ocrx_word' id='word_1_285' title='bbox 542 2362 594 2404; x_wconf 90' lang='lat' dir='ltr'>in</span> <span class='ocrx_word' id='word_1_286' title='bbox 630 2360 775 2403; x_wconf 84' lang='lat' dir='ltr'>rebus</span> <span class='ocrx_word' id='word_1_287' title='bbox 815 2360 1106 2403; x_wconf 71' lang='lat' dir='ltr'>mortalibus</span> <span class='ocrx_word' id='word_1_288' title='bbox 1143 2359 1536 2403; x_wconf 83' lang='lat' dir='ltr'>immortalitatis</span> <span class='ocrx_word' id='word_1_289' title='bbox 1572 2359 1663 2402; x_wconf 81' lang='lat' dir='ltr'>sibi</span> <span class='ocrx_word' id='word_1_290' title='bbox 1699 2362 1804 2419; x_wconf 74' lang='lat' dir='ltr'>ipse</span> <span class='ocrx_word' id='word_1_291' title='bbox 1841 2372 2010 2406; x_wconf 78' lang='lat' dir='ltr'>auctor</span> 
     </span>
    </p>
   </div>
   <div class='ocr_carea' id='block_1_13' title="bbox 167 2424 2028 2830">
    <p class='ocr_par' dir='ltr' id='par_1_13' title="bbox 167 2424 2028 2830">
     <span class='ocr_line' id='line_1_33' title="bbox 179 2424 2012 2490; baseline 0 -15"><span class='ocrx_word' id='word_1_292' title='bbox 179 2433 374 2475; x_wconf 68' lang='lat' dir='ltr'>existat.</span> <span class='ocrx_word' id='word_1_293' title='bbox 456 2428 687 2489; x_wconf 76' lang='lat' dir='ltr'>Vulgaris</span> <span class='ocrx_word' id='word_1_294' title='bbox 734 2428 882 2471; x_wconf 79' lang='lat' dir='ltr'>huius</span> <span class='ocrx_word' id='word_1_295' title='bbox 924 2426 1318 2471; x_wconf 83' lang='lat' dir='ltr'>immortalitatis</span> <span class='ocrx_word' id='word_1_296' title='bbox 1367 2424 1713 2485; x_wconf 80' lang='lat' dir='ltr'>adipiscendae</span> <span class='ocrx_word' id='word_1_297' title='bbox 1752 2428 1874 2472; x_wconf 81' lang='lat' dir='ltr'>ratio</span> <span class='ocrx_word' id='word_1_298' title='bbox 1919 2444 2012 2490; x_wconf 89' lang='lat' dir='ltr'>per</span> 
     </span>
     <span class='ocr_line' id='line_1_34' title="bbox 173 2492 2007 2556; baseline -0.001 -12"><span class='ocrx_word' id='word_1_299' title='bbox 173 2499 451 2544; x_wconf 86' lang='lat' dir='ltr'>liberorum</span> <span class='ocrx_word' id='word_1_300' title='bbox 488 2495 856 2556; x_wconf 79' lang='lat' dir='ltr'>generatiorum</span> <span class='ocrx_word' id='word_1_301' title='bbox 895 2503 942 2537; x_wconf 84' lang='lat' dir='ltr'>et</span> <span class='ocrx_word' id='word_1_302' title='bbox 977 2494 1376 2554; x_wconf 85' lang='lat' dir='ltr'>procreationem</span> <span class='ocrx_word' id='word_1_303' title='bbox 1417 2492 1528 2537; x_wconf 70' lang='lat' dir='ltr'>fieri</span> <span class='ocrx_word' id='word_1_304' title='bbox 1562 2494 1709 2552; x_wconf 89' lang='lat' dir='ltr'>solet,</span> <span class='ocrx_word' id='word_1_305' title='bbox 1747 2496 2007 2542; x_wconf 72' lang='grc' dir='ltr'>1111119.εεὶ-</span> 
     </span>
     <span class='ocr_line' id='line_1_35' title="bbox 168 2560 2007 2627; baseline -0.002 -15"><span class='ocrx_word' id='word_1_306' title='bbox 168 2567 290 2613; x_wconf 83' lang='lat' dir='ltr'>licet</span> <span class='ocrx_word' id='word_1_307' title='bbox 327 2562 528 2627; x_wconf 83' lang='lat' dir='ltr'>generis</span> <span class='ocrx_word' id='word_1_308' title='bbox 564 2560 777 2605; x_wconf 85' lang='lat' dir='ltr'>humani</span> <span class='ocrx_word' id='word_1_309' title='bbox 811 2561 1162 2605; x_wconf 85' lang='lat' dir='ltr'>immortalitas</span> <span class='ocrx_word' id='word_1_310' title='bbox 1200 2560 1444 2622; x_wconf 84' lang='lat' dir='ltr'>quaedam</span> <span class='ocrx_word' id='word_1_311' title='bbox 1483 2560 1675 2618; x_wconf 80' lang='lat' dir='ltr'>existit,</span> <span class='ocrx_word' id='word_1_312' title='bbox 1721 2564 1859 2606; x_wconf 79' lang='lat' dir='ltr'>cuius</span> <span class='ocrx_word' id='word_1_313' title='bbox 1895 2579 2007 2624; x_wconf 88' lang='lat' dir='ltr'>par-</span> 
     </span>
     <span class='ocr_line' id='line_1_36' title="bbox 167 2627 2009 2694; baseline -0.002 -15"><span class='ocrx_word' id='word_1_314' title='bbox 167 2635 347 2694; x_wconf 87' lang='lat' dir='ltr'>ticipes</span> <span class='ocrx_word' id='word_1_315' title='bbox 369 2639 486 2675; x_wconf 87' lang='lat' dir='ltr'>sunt</span> <span class='ocrx_word' id='word_1_316' title='bbox 507 2628 703 2690; x_wconf 87' lang='lat' dir='ltr'>singuli</span> <span class='ocrx_word' id='word_1_317' title='bbox 720 2627 972 2686; x_wconf 80' lang='lat' dir='ltr'>homineS,</span> <span class='ocrx_word' id='word_1_318' title='bbox 1005 2638 1064 2672; x_wconf 89' lang='lat' dir='ltr'>ut</span> <span class='ocrx_word' id='word_1_319' title='bbox 1090 2628 1226 2688; x_wconf 90' lang='lat' dir='ltr'>quod</span> <span class='ocrx_word' id='word_1_320' title='bbox 1262 2628 1664 2672; x_wconf 62' lang='lat' dir='ltr'>vetustate‘forte</span> <span class='ocrx_word' id='word_1_321' title='bbox 1696 2630 2009 2690; x_wconf 76' lang='lat' dir='ltr'>contabescat</span> 
     </span>
     <span class='ocr_line' id='line_1_37' title="bbox 173 2694 2007 2758; baseline -0.001 -16"><span class='ocrx_word' id='word_1_322' title='bbox 173 2711 221 2743; x_wconf 85' lang='lat' dir='ltr'>et</span> <span class='ocrx_word' id='word_1_323' title='bbox 256 2698 527 2751; x_wconf 83' lang='lat' dir='ltr'>moriatur,</span> <span class='ocrx_word' id='word_1_324' title='bbox 566 2710 660 2756; x_wconf 86' lang='lat' dir='ltr'>per</span> <span class='ocrx_word' id='word_1_325' title='bbox 693 2710 881 2740; x_wconf 86' lang='lat' dir='ltr'>novum</span> <span class='ocrx_word' id='word_1_326' title='bbox 916 2694 1167 2755; x_wconf 89' lang='lat' dir='ltr'>quoddam</span> <span class='ocrx_word' id='word_1_327' title='bbox 1201 2694 1428 2739; x_wconf 82' lang='lat' dir='ltr'>eiusdem</span> <span class='ocrx_word' id='word_1_328' title='bbox 1465 2697 1660 2757; x_wconf 85' lang='lat' dir='ltr'>generis</span> <span class='ocrx_word' id='word_1_329' title='bbox 1698 2699 2007 2758; x_wconf 83' lang='lat' dir='ltr'>compensari</span> 
     </span>
     <span class='ocr_line' id='line_1_38' title="bbox 177 2761 2028 2830; baseline 0.002 -24"><span class='ocrx_word' id='word_1_330' title='bbox 177 2766 354 2819; x_wconf 85' lang='lat' dir='ltr'>possit,</span> <span class='ocrx_word' id='word_1_331' title='bbox 397 2777 448 2809; x_wconf 88' lang='lat' dir='ltr'>et</span> <span class='ocrx_word' id='word_1_332' title='bbox 491 2761 763 2809; x_wconf 86' lang='lat' dir='ltr'>hominum</span> <span class='ocrx_word' id='word_1_333' title='bbox 809 2777 970 2827; x_wconf 86' lang='lat' dir='ltr'>genus</span> <span class='ocrx_word' id='word_1_334' title='bbox 1006 2762 1063 2807; x_wconf 91' lang='lat' dir='ltr'>in</span> <span class='ocrx_word' id='word_1_335' title='bbox 1098 2762 1312 2826; x_wconf 84' lang='lat' dir='ltr'>singulis</span> <span class='ocrx_word' id='word_1_336' title='bbox 1352 2763 1565 2809; x_wconf 85' lang='lat' dir='ltr'>mortale</span> <span class='ocrx_word' id='word_1_337' title='bbox 1593 2773 1763 2811; x_wconf 78' lang='lat' dir='ltr'>tamen</span> <span class='ocrx_word' id='word_1_338' title='bbox 1795 2766 2028 2830; x_wconf 23' lang='lat' dir='ltr'>immor-ff</span> 
     </span>
    </p>
   </div>
  </div>
 </body>
</html>
