2286 2948
344 88 349 94 ·
913 93 990 122 -’
1061 78 1328 142 6Ξ.--,

180 238 259 270 res
296 220 436 268 omni
471 221 578 271 fide
620 223 768 290 digna
808 229 920 270 esse
954 223 1170 271 videtur.
1240 224 1468 272 Primum
1504 222 1650 272 enim
1676 224 1946 291 Diogenes
1975 242 2026 279 et

181 291 356 338 Suidas
403 290 719 339 diversos-in
760 292 856 337 hac
900 306 956 337 re
992 302 1221 358 auctores
1257 293 1676 356 secuti'(singula
1714 295 1857 343 enim
1891 296 2047 356 ipso-2

180 374 291 404 rum
316 358 471 405 verba
495 370 546 405 et
577 360 648 405 rei
666 369 973 405 memoratae
1000 359 1258 405 momenta
1285 370 1404 405 sunt
1432 361 1645 421 diversa)
1675 370 1849 407 tamen
1866 361 2041 423 plane

177 425 521 473 consentiunt.
600 427 798 473 Deinde
841 426 939 472 hoc
983 428 1154 488 ipsum
1192 427 1327 487 quod
1364 427 1568 474 tradunt
1613 427 1813 474 iuterna
1860 429 2025 490 operis

173 493 424 554 platonici
450 495 641 541 ratione
668 494 873 557 egregie
900 495 1239 539 confirmatur.
1294 495 1460 559 Leges
1491 495 1629 541 enim
1667 506 1886 542 extrema
1914 489 2039 542 Pla-7

135 577 142 616 ⁴5
172 563 314 607 tonis
347 572 509 609 aetate
540 562 842 623 conscriptas
868 575 963 607 nec
994 561 1298 624 prohibente
1329 563 1737 609 auctorismorte
1775 563 1837 608 ad
1868 564 2025 610 finem
2060 622 2063 625 Ι

143 648 146 654 ·
173 624 443 691 perductas
474 644 598 689 esse,
630 629 732 675 iam
762 628 993 675 vidimuS.
1049 629 1230 676 Aliena
1257 645 1408 676 manu
1441 628 1598 691 igitur
1621 630 1725 675 sint
1752 627 2023 692 transcrip-

150 701 280 757 tae,
320 696 382 744 vi'n
424 697 652 743 ordinem
692 696 914 760 digestae
950 706 1102 759 atque
1140 697 1333 759 publici
1364 697 1489 742 iuris
1525 696 1700 753 factae*
1723 712 1813 761 per
1849 714 1903 743 se
1935 702 2021 755 rie-

176 781 319 813 cesse
341 775 450 822 θεῖς
497 765 836 826 epinomidem
877 780 997 811 vero
1033 765 1269 827 Philippo
1300 774 1438 810 recte
1471 764 1626 810 tribui
1658 766 2022 812 demonstravit

172 836 378 881 Boncxn
413 848 461 894 p.
479 845 559 890 75.

309 960 384 1011 Ita
435 957 635 1016 interna
686 956 846 1005 nostri
898 957 1065 1016 operis
1111 956 1239 1001 ratio
1285 972 1399 1004 cum
1446 958 1665 1002 externis
1709 960 2018 1020 argumentis

157 1024 434 1088 aptissime
472 1022 813 1086 componitur,
859 1038 1052 1086 neque,
1101 1021 1373 1071 dummodo
1413 1033 1609 1073 certum
1645 1025 1868 1073 veritatis
1904 1042 2017 1073 sen-

171 1110 286 1138 sum
325 1093 488 1136 causis
527 1101 577 1134 et
612 1092 922 1154 argumentis
957 1093 1212 1154 utrimque
1246 1092 1560 1153 ponderatis,
1589 1093 1844 1153 sequaris,
1876 1092 2020 1138 dubi-

169 1161 307 1209 tandi
354 1158 560 1206 arbitrio
602 1158 743 1206 locus
788 1160 1105 1220 relinquitur.
1178 1156 1469 1221 Philippum
1506 1160 1789 1221 Opuntium‘
1821 1170 2017 1221 praete-

166 1245 250 1276 rea
294 1229 465 1290 ipsum
503 1227 698 1290 Legum
741 1229 1001 1273 auctorem
1051 1241 1187 1286 esse,
1229 1235 1287 1273 ut
1331 1226 1500 1274 Astius
1546 1227 1766 1289 putavit,
1809 1242 2016 1274 omnem

167 1296 575 1359 probabilitatem
628 1296 783 1358 longe
838 1304 1054 1356 superat.
1146 1296 1406 1341 Ponamus
1455 1295 1592 1340 enim
1621 1296 1802 1356 ipsum
1847 1297 2013 1359 Leges

170 1362 551 1423 conscripsisse,
597 1362 709 1422 ipse
744 1361 1088 1423 epinomidem
1118 1361 1497 1409 adiecisseiam
1531 1377 1636 1408 non
1670 1371 1858 1423 potest,
1885 1377 2014 1424 >quo-

167 1434 305 1477 niam
337 1430 558 1476 alienum
590 1428 690 1474 hoc
720 1438 797 1474 est
833 1429 1236 1476 additamentum
1267 1430 1434 1475 alieno
1463 1429 1770 1491 epinomidis
1805 1429 2013 1477 nomine

163 1499 482 1564 insignitum.
558 1497 700 1543 Alius
727 1497 991 1559 quisquam
1019 1497 1181 1561 igitur
1215 1506 1266 1542 et
1300 1507 1499 1558 mortuo
1527 1496 1866 1558 quidem=iam
1893 1497 2012 1544 Phi-

162 1569 304 1630 lippo
341 1563 683 1627 epinomidem
718 1559 959 1610 adiecerit
989 1578 1200 1610 necesse
1234 1574 1323 1610 est.
1395 1566 1470 1611 Ita
1494 1563 1893 1628 frausfraudem
1929 1579 2013 1611 ex-

167 1636 311 1698 cipit,
359 1648 489 1694 quae
532 1630 786 1692 quomodo
828 1632 1077 1679 Platonici
1112 1632 1333 1678 nominis
1371 1630 1523 1678 fidem
1559 1633 1892 1693 usurpaverit,
1922 1632 2013 1692 ‚vix

161 1702 477 1769 perspicitur.
515 1724 586 1735 -—
623 1699 797 1746 Alium
828 1700 1046 1761 denique
1074 1700 1297 1746 Platonis
1329 1699 1573 1747 asseclam
1610 1700 1811 1762 Legum
1841 1697 2010 1746 aucto-

161 1789 272 1820 rem
300 1782 514 1834 ponere,
554 1782 669 1814 cum
704 1782 797 1829 per
832 1783 887 1827 se
922 1769 988 1814 sit
1023 1767 1208 1814 falsum
1220 1802 1236 1827 ,
1279 1776 1390 1813 turn
1424 1782 1605 1829 parum
1641 1768 1802 1813 etiam*
1829 1766 2009 1829 proba-

156 1843 261 1889 bile
303 1847 393 1884 est.
464 1837 627 1882 Nemo
668 1836 804 1880 enim
841 1851 902 1881 ex
936 1836 1161 1882 Platonis
1197 1834 1457 1896 discipulis
1503 1836 1570 1895 (si
1607 1834 1779 1895 ipsum
1819 1834 2010 1880 Aristo-

157 1911 316 1959 telem
357 1903 632 1965 exceperis)
679 1903 735 1947 in
770 1903 869 1948 hoc
903 1903 1156 1949 scribendi
1194 1912 1244 1948 et
1277 1902 1672 1964 philosophandi
1709 1908 1896 1966 'genere
1930 1902 2009 1947 in-

160 1980 360 2043 signem
396 1971 613 2038 gloriam
649 1965 950 2017 consecutus
985 1980 1086 2030 est,
1135 1979 1187 2016 et
1225 1969 1275 2016 si
1310 1970 1421 2031 quis
1449 1969 1688 2035 'Legibus
1732 1969 1842 2017 istis
1886 1970 2008 2018 scri-

158 2046 333 2093 bendis
370 2051 517 2102 aptus
549 2038 754 2099 fuisset,
791 2039 965 2085 nescio
1000 2053 1067 2084 an
1103 2039 1183 2085 sui
1218 2038 1442 2084 nominis
1479 2038 1694 2101 gloriam
1713 2045 1898 2101 aperte>
1924 2038 2008 2083 fir-

160 2129 298 2160 mare
339 2123 490 2173 quam
537 2106 731 2168 spurias
757 2107 832 2152 -in
876 2107 1141 2158 Platonem
1190 2106 1386 2154 laureas
1441 2106 1749 2155 clanculum,
1778 2104 2007 2166 conferre

157 2179 406 2228 maluerit.
480 2172 730 2236 Operibus
768 2174 1070 2231 enim-tanti
1105 2173 1377 2230 voluminis
1400 2183 1605 2234 tamque
1638 2167 1873 2235 spectatis
1903 2188 2009 2226 non

159 2248 308 2296 facile
351 2245 578 2291 alienum
623 2254 815 2286 nomen
859 2237 1191 2301 praetexitur,
1241 2247 1290 2282 et
1333 2239 1432 2299 ipsi
1473 2235 1552 2294 issi
1592 2238 1753 2298 spurii
1788 2236 2009 2305 qnifflcirss

164 2316 511 2364 cumferuntur
555 2309 780 2358 Platonis
827 2307 1022 2372 dialogi
1072 2307 1228 2371 longe
1281 2303 1488 2361 minoris
1535 2313 1653 2352 sunt
1688 2312 1748 2355 ,et
1794 2304 2006 2374 volumi—

334 2534 421 2585 (sc.
445 2527 720 2580 Πλάτωνος)
766 2527 1046 2584 μετέγραψεν
1088 2525 1222 2569 ὄντας
1259 2526 1309 2569 ἐν
1341 2524 1689 2583 κηρῷ.τούτου
1726 2521 1778 2566 δέ
1811 2523 1892 2568 καὶ
1926 2536 2008 2581 την

330 2584 571 2637 ἐπινομίδα
599 2592 741 2638 φασιν
769 2580 892 2627 εἶναι.
923 2588 1047 2641 Diog.
1068 2586 1213 2626 Laert.
1236 2585 1317 2641 ΙΙΙ,
1345 2596 1412 2641 37.
1473 2625 1478 2627 ,
1710 2606 1712 2608 v
1744 2607 1748 2610 -
1836 2607 1860 2611 --

328 2658 330 2660 ¹
394 2640 669 2696 Φιλόσοφος.
690 2638 741 2680 ὃς
782 2638 887 2681 τοὺς
925 2642 1008 2683 τοῦ
1060 2637 1309 2681 Πλάτωνος
1340 2638 1513 2693 νόμους
1545 2635 1806 2681 eleuare&
1843 2636 2006 2695 βιβλία
2061 2640 2068 2644 ”

327 2703 389 2757 ιβ.
447 2698 509 2741 Τὸ
534 2695 634 2753 γὰρ
663 2694 726 2749 ly.
752 2697 780 2747 ζ
781 2698 811 2737 i.
835 2709 872 2737 e.
903 2697 1180 2749 epinomida)
1206 2694 1347 2737 αὐτὸς
1367 2693 1636 2752 aphes-eima
1651 2694 1851 2748 λέγεται.
1895 2695 2004 2737 Suid

324 2763 376 2803 in
413 2770 503 2798 voc.
537 2752 689 2810 φιλός.
751 2753 837 2794 Cui
866 2753 964 2792 loco
992 2764 1124 2805 quam
1152 2753 1269 2791 male
1290 2750 1581 2793 emendando
1614 2750 1883 2791 consuluerit
1908 2752 2004 2795 Me-

327 2831 429 2873 nag.
463 2814 519 2856 ad
549 2814 677 2868 Diog.
713 2810 765 2853 L.
799 2823 840 2865 p.
866 2811 964 2866 958,
999 2822 1094 2853 non
1126 2817 1191 2849 est
1219 2809 1339 2863 quod.
1371 2809 1524 2850 denuo·
1552 2807 1867 2864 demonstrem.
